2658 4296
409 274 498 332 344
1083 276 1377 320 EPISTOLAE
1408 269 1761 327 M1XTAE—298

411 418 513 457 nes
533 400 772 457 diesmes
792 401 1278 471 ecclesiasticques
1297 418 1438 471 pour
1457 401 1511 453 la
1530 395 1905 453 sustentation
1926 396 2003 448 du
2025 395 2245 465 college
2267 395 2439 450 fonde

411 514 446 550 a
478 497 532 549 la
564 496 950 567 Compagnye3
991 515 1067 551 ou
1101 513 1337 551 encores
1375 495 1617 564 quelque
1654 493 1835 547 aultre
1869 508 2009 560 voys
2035 491 2342 546 semblable
2377 509 2439 547 se

412 590 692 662 pourroist
719 601 965 648 trouver.

522 688 604 742 La
631 689 801 742 chose
827 687 1086 743 combien
1112 689 1183 744 de
1218 688 1461 758 prouffit,
1493 683 1750 739 combien
1777 683 1848 736 de
1874 681 2250 747 consolation,
2283 700 2441 736 com-

414 781 545 838 bien
571 784 626 836 d'
657 785 918 839 honneur
944 785 1035 839 ell’
1067 793 1361 854 apportera
1389 801 1420 835 a
1449 783 1519 835 V.
1552 782 1642 845 E.,
1674 795 1952 848 personne
1980 796 2052 833 ne
2079 778 2131 832 le
2159 778 2442 848 pourroist

414 877 551 932 dire.
595 879 706 932 Car
745 896 887 934 vous
922 896 1085 933 aures
1119 898 1192 932 vn
1236 879 1452 947 college
1486 875 1634 945 plein
1669 875 1740 927 de
1773 872 2022 929 scienses
2049 882 2106 928 et
2139 882 2355 941 vertuS,
2386 885 2444 929 et

414 974 601 1043 lequel
632 991 776 1028 vous
809 976 1012 1031 rendra
1038 975 1333 1043 beaucoup
1360 974 1459 1026 des
1500 970 1781 1040 discipleS,
1813 968 2090 1023 reluisans
2117 970 2189 1022 de
2224 970 2444 1024 bonnes

415 1087 602 1124 meurs
622 1078 679 1124 et
706 1071 776 1125 de
802 1052 1073 1124 doctrine,
1108 1072 1178 1123 Et
1205 1068 1251 1122 si
1277 1088 1353 1121 vn
1382 1068 1502 1122 seul
1522 1066 1664 1121 ainsi
1691 1066 1822 1121 bien
1843 1064 2155 1135 morigeres
2175 1074 2262 1121 est
2289 1067 2445 1136 quel-

414 1181 526 1235 que
554 1165 677 1235 foys
704 1166 1057 1235 prouffitable
1083 1184 1115 1219 a
1141 1184 1251 1220 vne
1278 1164 1387 1218 cite
1415 1181 1486 1217 ou
1515 1182 1547 1216 a
1574 1161 1870 1232 plusieurS,
1902 1179 2012 1230 que
2039 1160 2274 1215 devions
2300 1179 2446 1216 nous

417 1259 646 1316 estimet
684 1270 831 1316 estre
871 1263 941 1316 de
984 1261 1260 1332 plusieurs
1301 1261 1430 1316 tels?
1469 1260 1665 1314 Grand
1703 1259 1932 1328 prouffit
1967 1275 2202 1313 encores
2241 1276 2449 1329 pourra¹

422 1355 577 1425 fayre
610 1356 663 1409 le
697 1355 808 1410 dist
853 1357 1069 1427 college
1104 1375 1135 1410 a
1169 1364 1355 1411 vostre
1391 1356 1537 1409 salut
1571 1363 1628 1408 et
1673 1355 1743 1408 de
1777 1362 1968 1409 vostre
1994 1355 2221 1424 peuple,
2253 1355 2449 1424 lequel

421 1468 627 1520 pourra
654 1460 802 1508 estre
829 1451 1000 1508 incite
1028 1461 1153 1506 tous
1180 1453 1261 1507 les
1290 1453 1449 1521 jours
1475 1453 1602 1522 plus
1630 1470 1662 1505 a
1698 1451 1972 1520 crayndre
1999 1459 2056 1504 et
2083 1469 2271 1520 aymer
2300 1449 2449 1504 Die-u

425 1555 483 1602 et
516 1565 678 1601 vouS.
718 1551 879 1618 Mays
913 1548 1170 1602 combien
1204 1549 1274 1602 de
1308 1548 1513 1618 pleysir
1539 1548 1781 1618 prandra
1809 1549 1880 1601 V.
1915 1549 2004 1612 E.,
2037 1555 2250 1617 voyant
2277 1547 2449 1617 quell'

426 1660 565 1696 aura
590 1642 820 1698 institue
848 1663 923 1697 vn
950 1643 1202 1698 exercice
1229 1645 1495 1699 destudes
1523 1652 1579 1699 et
1605 1644 1676 1697 de
1704 1644 1818 1697 telx
1845 1643 2155 1698 seruiteurs
2181 1645 2253 1697 de
2279 1643 2448 1710 Dieu;

426 1738 664 1808 college,
695 1719 881 1809 lequel
901 1758 1025 1794 sera
1045 1759 1115 1795 en
1137 1757 1201 1794 ce
1222 1741 1423 1794 monde
1443 1759 1475 1793 a
1494 1756 1779 1809 memoyre
1800 1740 2146 1809 perpetuelle
2165 1741 2238 1795 de
2258 1742 2330 1795 V.
2357 1741 2448 1806 E.,

429 1841 488 1887 et
513 1852 585 1889 en
611 1834 812 1905 laultre
839 1854 872 1889 a
897 1837 1043 1890 salut
1070 1845 1126 1891 et
1153 1838 1348 1907 gloyre
1373 1835 1735 1906 sempiterne?

541 1930 738 1998 Quant
764 1949 797 1985 a
822 1949 955 2001 moy
982 1932 1040 2001 je
1076 1951 1148 1987 ne
1182 1933 1350 1986 veulx
1376 1933 1609 2002 laysser,
1642 1932 2045 2003 monseigneur
2072 1941 2186 1988 tres
2214 1933 2451 2000 illustre,

431 2041 464 2077 a
490 2042 632 2078 vous
657 2026 946 2096 declayrer
978 2046 1109 2082 mon
1143 2046 1345 2098 propos
1373 2037 1429 2084 et
1455 2028 1751 2083 intention.
1779 2030 1823 2082 Il
1848 2048 1884 2099 y
1912 2048 1945 2083 a
1971 2030 2098 2100 plus
2132 2030 2204 2083 de
2232 2037 2456 2099 quattre

430 2137 534 2174 ans
562 2138 672 2190 que
689 2121 788 2191 jey
814 2123 996 2193 leysse
1022 2133 1210 2178 nostre
1231 2142 1462 2195 mayson
1490 2134 1546 2180 et
1565 2125 1620 2179 la
1639 2125 2018 2195 chanoynerie
2037 2135 2095 2180 et
2115 2128 2455 2196 chantcerye

430 2234 546 2286 que
564 2217 765 2287 javoys
786 2236 819 2272 a
845 2219 1123 2275 Salanche
1142 2238 1281 2290 pour
1307 2238 1515 2291 suyure
1536 2231 1689 2276 ceste
1709 2223 2079 2293 Compagnye
2099 2231 2157 2279 et
2177 2242 2250 2279 en
2276 2223 2455 2293 ycelle

432 2311 614 2366 seruir
639 2314 716 2366 du
746 2322 869 2367 tout
895 2333 928 2368 a
947 2317 1113 2387 Jesus
1140 2316 1350 2384 Christ,
1376 2335 1534 2373 come
1554 2327 1653 2372 ont
1674 2318 1803 2373 faist
1823 2335 2058 2374 encores
2077 2320 2248 2376 deulx
2276 2318 2458 2373 miens

434 2406 608 2462 freres
640 2410 675 2475 ¹3
706 2417 764 2463 et
796 2427 1038 2464 sommes
1072 2420 1197 2466 tous
1231 2420 1384 2482 troys
1423 2432 1566 2468 vous
1593 2415 1853 2469 humbles
1888 2411 2143 2470 subiectz
2189 2434 2261 2471 en
2289 2417 2458 2488 Jesus

431 2501 647 2570 Christ,
686 2504 935 2559 desirans
979 2507 1163 2562 destre
1208 2510 1403 2579 admys
1448 2519 1505 2565 et
1549 2510 1873 2582 incorpores
1908 2531 1981 2568 en
2013 2514 2068 2567 la
2096 2514 2451 2584 Compagny.

436 2598 595 2652 Nous
621 2617 796 2673 avons
823 2599 1058 2674 des[tine
1086 2603 1126 2675 ?]
1155 2622 1219 2660 ce
1245 2623 1354 2674 peu
1383 2606 1452 2661 de
1489 2606 1621 2663 bien
1649 2626 1759 2677 que
1793 2627 1941 2663 nous
1976 2628 2153 2664 avons
2188 2628 2221 2664 a
2255 2609 2458 2665 Salan-

437 2696 540 2747 che
564 2712 708 2764 pour
730 2696 979 2768 principe
1005 2699 1059 2751 d’
1090 2718 1165 2753 vn
1191 2700 1303 2756 lieu
1331 2720 1361 2755 a
1387 2703 1442 2756 la
1466 2703 1614 2758 dicte
1641 2705 2031 2777 Compagnye,
2057 2713 2322 2777 esperant
2347 2719 2460 2775 que

434 2807 563 2844 sera
607 2808 748 2861 gran
794 2794 1021 2862 prouffit
1065 2804 1121 2850 et
1166 2798 1313 2850 salut
1358 2799 1457 2853 des
1495 2817 1637 2870 gens
1682 2802 1947 2872 dycelluy
1986 2812 2176 2857 vostre
2222 2819 2361 2873 peys
2413 2802 2455 2868 ²3

434 2885 730 2955 lesqueulx
748 2887 809 2956 je
828 2889 1139 2960 desireroys
1166 2891 1460 2954 ildeussent
1489 2903 1732 2951 trestous
1757 2898 1810 2951 la
1838 2917 2008 2969 vraye
2029 2915 2462 2970 cognoyssance

433 2980 510 3035 de
543 2980 711 3050 Dieu,
749 2992 806 3038 et
839 2984 891 3038 le
924 2997 1305 3056 cognoyssant
1349 2988 1387 3041 il
1421 3002 1759 3060 aymassent,
1799 3003 1856 3047 et
1889 2995 2139 3064 laymant
2174 2995 2214 3048 il
2247 2996 2300 3049 le
2334 2995 2464 3066 glo-

441 3075 755 3134 rificassent
781 3096 843 3133 es
869 3079 1071 3136 ciecles
1098 3084 1196 3137 des
1224 3083 1445 3140 ciecles,
1479 3088 1684 3143 Amen.

529 3399 542 3424 ¹
604 3397 670 3442 Hi
692 3404 829 3442 erant
852 3398 1061 3444 Annibal
1086 3407 1135 3444 et
1157 3401 1389 3447 Claudius
1411 3404 1472 3448 de
1496 3404 1781 3453 Coudretto:
1809 3410 2002 3456 Claudii
2032 3413 2196 3470 plures
2221 3410 2347 3455 infra
2368 3409 2469 3454 edi-

438 3485 550 3515 mus
572 3470 821 3531 epistolas.
1260 3496 1262 3498 ·

529 3548 546 3572 2
608 3545 844 3591 Ludovici
865 3547 1012 3602 νοτὶς,
1035 3563 1132 3593 non
1155 3556 1252 3594 tam
1281 3550 1379 3595 cito
1408 3567 1552 3610 quam
1577 3561 1784 3613 optarat,
1809 3564 2016 3603 eventus
2037 3559 2311 3619 respondit.
2342 3559 2469 3603 Nam

442 3617 588 3663 variis
611 3633 792 3664 moram
815 3621 1119 3666 trahentibus
1140 3623 1520 3683 impedimentiS,
1545 3643 1641 3672 non
1663 3630 1758 3674 nisi
1780 3631 1840 3675 ad
1858 3647 2037 3678 annum
2059 3634 2190 3691 1564,
2214 3633 2320 3693 ipse
2342 3633 2471 3678 Cou-

439 3691 603 3737 dretto
629 3694 952 3739 camberiensi
980 3697 1188 3754 collegio
1213 3698 1404 3743 initium
1426 3699 1564 3747 fecit.
1602 3702 1729 3749 Vide
1759 3704 2032 3765 SACCHINI,
2064 3709 2196 3753 Hist.
2220 3709 2328 3753 Soc.
2343 3709 2471 3767 JeS„

442 3779 492 3823 p.
515 3777 567 3822 11,
591 3765 675 3811 lib.
700 3778 803 3824 vm,
827 3783 879 3813 n.
910 3768 985 3814 88.
