2658 4296
429 285 517 342 348
1103 287 1399 330 EPISTOLAE
1430 284 1788 338 M1XTAE—299

539 413 620 466 Le
658 428 897 480 persone
934 419 1280 478 ueramente,
1318 429 1415 480 per
1441 415 1653 478 quanto
1679 408 1753 460 ho
1789 424 2010 475 sempre
2045 413 2246 476 potuto
2282 423 2466 461 cono-

428 524 607 572 scere,
639 523 779 560 30110
807 514 954 560 tutte
980 506 1167 560 buone
1199 507 1237 572 ¹,
1268 505 1484 560 amiche
1505 504 1650 559 della
1669 502 1829 567 cella,
1853 500 1911 554 di
1933 501 2106 554 molta
2126 500 2381 557 oratione
2401 510 2461 557 et

427 600 812 667 meditatione,
836 600 895 654 di
921 603 1093 655 molta
1119 601 1311 667 carita,
1343 607 1631 670 appartate
1657 598 1729 653 de
1756 605 1954 666 queste
1983 596 2355 666 temporalita.
2390 597 2459 653 Li

426 696 806 751 consentienti
833 714 973 750 sono
1000 696 1152 752 novi:
1186 711 1218 764 7
1246 694 1522 759 monachi,
1556 712 1631 746 un
1659 691 2053 763 heremitagno
2079 692 2098 758 ‚²
2128 691 2272 746 laico
2294 700 2351 748 et
2379 711 2458 747 un

426 793 654 858 donat0,
694 793 1005 846 ancorache
1051 792 1198 847 nella
1231 790 1483 860 supplica
1517 806 1694 859 penso
1728 806 1843 841 11011
1870 805 2072 843 serano
2109 787 2242 841 tutti
2276 787 2458 842 scritti

425 905 527 958 per
553 887 756 943 alcune
782 905 972 943 cause:
1003 905 1179 958 penso
1207 904 1320 940 non
1349 885 1581 940 uoriano
1610 902 1799 940 essere
1825 883 2089 954 scoperti,
2121 901 2182 938 se
2209 883 2250 936 il
2275 902 2459 955 nego—

427 982 517 1036 cio
549 1000 664 1037 non
697 985 939 1039 hauesse
973 985 1184 1038 effetto.
1219 986 1467 1037 Persone
1499 980 1556 1034 di
1592 982 1780 1035 buena
1814 979 2206 1050 complexione
2241 997 2384 1034 sono
2421 980 2460 1033 11

429 1080 494 1133 Ρ.
535 1079 619 1132 fra
647 1057 961 1134 Benedetto
989 1081 1175 1133 Tocco
1204 1079 1221 1105 ³
1251 1087 1308 1131 et
1334 1077 1410 1143 io,
1443 1080 1548 1132 che
1574 1077 1663 1131 del
1692 1084 1845 1132 resto
1872 1094 2012 1130 sano
2038 1093 2180 1130 sono
2208 1077 2249 1143 ⁴,
2281 1095 2458 1132 senon

425 1176 531 1229 che
558 1175 665 1230 alle
692 1175 845 1229 uolte
871 1174 946 1227 mi
973 1168 1221 1244 pigliano
1247 1173 1386 1227 certi
1407 1171 1602 1226 dolori:
1636 1179 1785 1225 tutto
1813 1172 1844 1225 6
1865 1170 2076 1226 11161116.
2108 1171 2183 1226 Di
2211 1171 2461 1227 dottrir'ia

426 1269 720 1335 mediocri,
764 1270 876 1324 ben
922 1287 1097 1340 penso
1144 1269 1200 1322 ui
1246 1286 1445 1324 serano
1490 1269 1690 1322 alcune
1735 1266 1832 1338 piu
1878 1268 1983 1322 che
2023 1267 2321 1335 mediocri,
2367 1268 2460 1323 alli

427 1364 579 1433 quali
605 1382 720 1419 non
747 1382 808 1420 se
834 1366 1075 1418 havemo
1103 1364 1280 1418 voluti
1301 1362 1566 1433 scoprire.
1601 1363 1759 1418 Tutti
1781 1365 1817 1417 l’
1843 1365 2033 1417 hanno
2059 1365 2460 1419 racomandato

430 1460 483 1514 al
511 1459 774 1531 Signore,
807 1468 863 1514 61
890 1478 1022 1530 pare
1051 1468 1297 1530 tengano
1317 1459 1595 1515 desiderio
1616 1460 1852 1530 grande.
1879 1461 1938 1513 Io
1960 1468 2289 1516 ueramente
2315 1479 2460 1515 sono
2521 1495 2524 1498 ·

428 1555 467 1608 11
503 1555 801 1627 peggiore,
842 1564 1093 1611 etcome
1127 1574 1204 1609 un
1238 1573 1410 1609 coruo
1444 1556 1590 1611 nelle
1625 1556 1901 1622 colombe,
1941 1558 2190 1610 anchora
2226 1558 2331 1611 che
2368 1575 2460 1612 me

426 1651 674 1705 habbino
702 1651 842 1727 fatto
869 1669 1029 1721 capO.
1069 1652 1161 1705 Ho
1199 1661 1458 1706 recusato
1493 1660 1670 1718 tanto,
1702 1654 1809 1708 che
1842 1671 1934 1708 me
1962 1670 2336 1723 uergognaua
2361 1652 2461 1724 piu

425 1764 704 1802 recusare.
740 1747 815 1802 Se
852 1748 883 1800 e
920 1747 1254 1813 necessario,
1287 1749 1357 1802 V.
1391 1750 1458 1801 R.
1499 1748 1732 1804 aduerta
1759 1751 1865 1803 che
1901 1748 1999 1820 piu
2033 1748 2166 1802 delli
2202 1757 2287 1806 tre
2315 1748 2457 1818 uoti,

428 1840 560 1894 tutti
595 1850 820 1897 tenemo
856 1850 992 1895 uoto
1026 1842 1097 1897 de
1130 1851 1400 1913 perpetua
1435 1843 1767 1911 inclusione,
1807 1844 1996 1900 alcuni
2030 1844 2088 1899 di
2122 1844 2288 1901 uiuer
2314 1846 2463 1901 nella

427 1945 754 2007 montagna,
773 1936 898 1990 altri
918 1936 975 1990 di
995 1923 1193 2005 seruir'
1209 1947 1406 2008 questa
1422 1956 1570 1994 casa.
1591 1942 1720 1995 Non
1736 1942 1791 1995 10
1811 1940 1998 1996 3611110
2017 1942 2070 1996 31
2087 1941 2284 2012 signor
2301 1944 2462 2012 Pog-

425 2031 543 2102 gio,
573 2033 862 2102 pensando
897 2051 1014 2087 non
1035 2036 1205 2089 esser'
1229 2035 1566 2102 necessario,
1591 2039 1819 2107 perche,
1845 2038 2035 2092 oblato
2061 2027 2263 2092 maiori
2283 2037 2457 2103 bon0,

426 2136 613 2182 cessat
639 2127 844 2182 minus.
878 2130 1085 2183 Nostro
1113 2129 1354 2200 Signore
1381 2150 1603 2203 sempre
1629 2132 1712 2188 sia
1738 2151 1849 2188 con
1877 2135 1950 2189 V.
1983 2136 2051 2190 R.
2083 2143 2142 2188 et
2168 2152 2276 2189 con
2304 2133 2456 2188 tutti.

541 2222 615 2278 Di
644 2225 1022 2279 Montserrato
1049 2223 1139 2277 alli
1167 2243 1205 2279 X
1232 2225 1289 2279 di
1316 2228 1546 2282 Genaro
1582 2242 1739 2298 1550.

725 2317 800 2372 Di
828 2320 899 2374 V.
933 2321 1000 2373 R.
1033 2337 1197 2375 seruo
1224 2320 1282 2374 in
1309 2322 1488 2378 Giesu
1514 2326 1661 2395 Xpo.

1092 2415 1128 2488 †
1167 2418 1211 2470 F
1215 2436 1291 2472 RA
1331 2420 1375 2472 F
1380 2437 1686 2476 RANCEsco
1727 2422 2087 2478 LEUOROTTI
2128 2422 2165 2496 †

541 2510 863 2580 Inscriptio:
882 2508 919 2582 †
934 2511 1009 2564 Al
1026 2513 1197 2566 molto
1211 2512 1345 2567 R.d0
1359 2514 1416 2568 in
1434 2517 1580 2586 Xp0.
1596 2517 1776 2573 Giesu
1795 2520 1979 2575 Padre
1991 2519 2031 2573 il
2045 2522 2111 2574 P.
2134 2522 2194 2575 M
2201 2533 2249 2574 ‚0
2268 2521 2464 2591 Egna-

425 2604 507 2658 tio
533 2605 604 2659 de
631 2605 907 2678 Logliola,
939 2607 1222 2677 preposito
1250 2611 1395 2664 della
1423 2612 1776 2685 Compagnia
1795 2614 1852 2668 di
1872 2615 2074 2683 Giessi,
2106 2616 2164 2670 in
2186 2618 2383 2671 Roma.

526 2814 539 2838 ¹
602 2811 698 2855 Ms.
728 2812 901 2858 bone...
926 2816 1138 2861 amice...
1162 2820 1457 2876 scorperti...
1481 2835 1651 2867 sonno.

520 2885 538 2909 2
601 2881 702 2939 Sic,
727 2897 813 2942 pro
835 2886 1061 2930 eremita.

519 2957 537 2982 ³
599 2957 752 3001 Multa
773 2972 829 3002 36
851 2961 1096 3017 praeclara
1116 2960 1176 3005 de
1194 2976 1251 3006 eo
1275 2971 1470 3010 narrant
1491 2968 1690 3012 annales
1713 2966 1774 3015 O.
1802 2969 1852 3014 S.
1873 2970 1928 3014 B.
1934 2970 2168 3016 —Carolo
2185 2982 2236 3029 v,
2259 2970 2466 3029 impera-

426 3027 541 3086 tori,
565 3035 616 3074 et
638 3030 863 3089 Philippo
884 3044 935 3087 11,
960 3032 1064 3090 ejus
1086 3033 1203 3091 filio,
1225 3037 1532 3093 gratissimus
1563 3040 1670 3085 fuit.
1695 3042 1778 3086 Bis
1803 3043 1983 3088 Montis
2007 3043 2192 3088 Serrati
2213 3045 2365 3089 abbas
2388 3049 2467 3089 est

426 3103 737 3148 renuntiatus
767 3105 923 3161 (1556
930 3115 1058 3163 1559,
1093 3115 1142 3152 et
1175 3111 1306 3164 1562-
1313 3113 1444 3169 1564)
1473 3127 1568 3172 quo
1589 3121 1836 3173 postremo
1866 3123 2085 3177 tempore
2107 3118 2169 3163 ad
2197 3118 2366 3163 sedem
2394 3117 2467 3163 vi-

425 3190 643 3236 censem,
666 3185 870 3236 rogante
894 3179 1115 3239 Philippo
1138 3194 1189 3241 11,
1209 3194 1409 3230 evectus
1428 3194 1518 3231 est.
1544 3189 1739 3247 Postea,
1759 3205 1869 3235 cum
1887 3192 2181 3238 ilerdensem
2204 3192 2465 3238 ecclesiam

427 3257 641 3308 regeret,
680 3265 707 3309 9
746 3253 861 3310 Maji
897 3254 1003 3310 1581
1033 3256 1245 3302 Montem
1271 3259 1520 3305 Serratum
1552 3269 1797 3323 tamquam
1819 3264 2044 3311 visitator
2081 3267 2333 3325 ingressus
2371 3274 2464 3312 est.

427 3316 620 3370 Tanto'
607 3339 657 3370 1n
680 3341 792 3371 eum
814 3328 976 3372 studio
998 3328 1278 3376 ferebantur
1296 3335 1534 3394 monachi,
1554 3344 1607 3381 ut
1623 3339 1715 3383 ab
1703 3339 1820 3397 1psis
1844 3341 2127 3386 monasterii
2149 3356 2348 3400 praeses
2370 3342 2467 3387 616-

426 3403 553 3454 ctus,
576 3398 681 3442 loco
704 3398 779 3443 sui
800 3400 1010 3457 abbatiS,
1031 3402 1191 3447 Fuerit.
1218 3405 1438 3462 Quatuor
1455 3408 1764 3454 continenter
1781 3426 1931 3456 annos
1948 3413 2045 3457 illis
2066 3413 2278 3472 praefuit
2301 3415 2466 3459 «hasta

428 3484 522 3527 que
542 3432 590 3514 13
612 3478 800 3516 muerte
830 3474 876 3517 16
906 3475 1188 3532 sorprendio
1218 3492 1279 3522 en
1310 3486 1414 3524 esta
1436 3494 1548 3524 casa
1569 3485 1596 3526 a
1618 3482 1669 3526 31
1697 3484 1758 3528 de
1789 3486 1948 3530 Enero
1980 3486 2042 3531 de
2077 3487 2238 3543 1585»
2268 3486 2470 3532 CRUSE-

425 3553 573 3600 LLAS,
598 3544 632 3587 Ζ.
657 3559 716 3597 c.,
741 3559 851 3603 pag.
876 3557 980 3602 410.
988 3550 1284 3596 ——«Abbatis
1307 3554 1561 3598 Benedicti
1583 3569 1611 3599 a
1632 3557 1792 3602 Tocco
1810 3565 1860 3603 et
1882 3559 2098 3605 omnium
2121 3562 2469 3606 Monachorum

430 3616 607 3661 Montis
639 3617 822 3663 Serrati
853 3619 903 3664 in
933 3620 1229 3669 Societatem
1253 3626 1559 3684 benignitas»
1583 3630 1805 3676 laudatur
1827 3647 1854 3676 3
1872 3634 2164 3692 ΞΑΟΟΗΙΝΟ,
2187 3635 2322 3681 Hist.
2357 3635 2467 3680 Soc

416 3690 543 3746 Jes„
569 3705 616 3749 p.
642 3703 694 3749 11,
719 3692 802 3737 lib.
827 3704 880 3750 11,
903 3708 952 3738 n.
982 3705 1081 3752 147.

516 3765 535 3790 ⁴
596 3765 686 3809 Ms.
710 3767 884 3811 siono..
895 3769 1005 3813 .bis
1029 3772 1327 3818 mediocre...
1355 3774 1618 3835 Signori...
1644 3778 1719 3823 bis
1741 3783 2035 3826 neccesario.
