2658 4296
340 245 428 303 884
1249 237 1464 281 INDICES

334 374 504 427 Fran.
537 367 660 443 [sic]
691 381 842 440 1549.
874 369 962 423 De
988 367 1318 423 Salamanca
1349 362 1358 435 Ι
1393 363 1709 430 Villanova,
1735 365 1902 418 Fran.
1944 374 2263 435 1549-1550
2298 362 2373 419 de

335 467 533 523 Alcala
566 465 575 538 Ι
609 463 820 519 Mixtae
855 474 1228 535 1549-1550.»

444 561 557 616 Hic
585 568 775 615 autem
802 559 1097 629 catalogus
1124 557 1322 627 plenus
1355 573 1468 609 non
1497 564 1602 610 est:
1635 573 1750 608 non
1777 553 1928 608 enim
1969 554 2368 625 complectitur

330 657 557 713 nomina
602 664 984 720 externorum,
1024 652 1120 723 qui
1159 651 1420 722 epistolas
1466 649 1873 721 conscripsere,
1924 667 2164 719 quarum
2209 652 2364 706 haud

332 731 748 809 contemnenda
772 750 1060 806 invenitur
1086 748 1144 802 in
1170 750 1277 802 hoc
1303 746 1589 800 volumine
1609 745 1934 800 multitudo,

443 848 729 920 Epistolae
755 865 952 902 omnes
978 844 1219 900 maxima
1254 862 1323 897 ex
1349 850 1507 913 parte
1542 842 1937 914 autographae
1957 851 2112 897 sunt:
2137 842 2196 898 in
2223 843 2365 898 scri—

330 954 496 1017 ptura
515 962 735 999 summa
756 942 1005 998 cernitur
1024 940 1282 995 varietas:
1318 939 1612 1008 quaedam,
1637 937 1814 993 nitide
1834 947 2119 1008 exaratae,
2145 940 2365 1012 perspi-

331 1060 438 1097 cue
463 1042 754 1113 leguntur;
786 1038 929 1094 aliae
954 1039 1192 1092 obscure
1219 1035 1478 1106 scriptae,
1511 1042 1826 1090 atramento
1854 1044 2226 1107 consumptae
2266 1046 2364 1091 aut

331 1147 581 1208 tempore
617 1135 847 1201 scissae,
885 1153 1000 1189 non
1034 1132 1153 1187 sine
1187 1133 1376 1187 labore
1404 1129 1517 1201 legi
1551 1139 1809 1201 possunt.
1858 1132 1974 1187 Sed
2007 1133 2117 1188 hae
2146 1150 2365 1203 paucae

333 1251 569 1289 numero
595 1240 748 1287 sunt.

443 1329 632 1384 Prima
669 1326 971 1382 voluminis
1016 1325 1251 1396 epistola
1296 1332 1381 1380 est
1422 1323 1606 1378 Patris
1642 1323 1880 1378 Adriani
1919 1324 2357 1396 AdriaenssenS,

331 1442 477 1496 quae
503 1424 584 1478 sic
612 1423 827 1494 incipit:
865 1425 993 1494 «jhs
1026 1421 1034 1494 Ι
1068 1420 1265 1476 Gratia
1290 1419 1420 1475 Dni.
1453 1419 1631 1474 nostri
1649 1422 1788 1492 Jesu
1817 1419 1916 1475 X.i
1935 1420 2188 1478 abundet
2207 1441 2359 1479 sem-

333 1542 433 1594 per
473 1521 532 1574 in
566 1518 831 1574 cordibus
865 1518 1125 1572 nostris.»
1164 1515 1410 1571 Desinit:
1457 1515 1730 1582 «Patavii,
1780 1516 1904 1587 ipso
1940 1517 2033 1572 die
2079 1520 2356 1587 Paschae,

333 1637 482 1674 anno
517 1629 672 1687 1549.
711 1615 719 1687 Ι
754 1617 959 1671 Vester
984 1613 1251 1685 indignus
1277 1612 1425 1666 filius
1452 1612 1509 1665 in
1536 1613 1803 1668 Domin0.
1843 1612 1851 1686 Ι
1886 1614 2213 1670 Hadrianus
2235 1618 2360 1671 Ha-

331 1713 512 1769 driani
546 1712 554 1785 Ι
589 1713 659 1766 ab
680 1711 1029 1781 antuerpia.»

444 1811 604 1864 Haec
632 1806 817 1863 Patris
844 1806 1256 1862 Adriaenssens
1281 1805 1517 1876 epistola
1543 1825 1575 1860 a
1595 1806 1761 1860 nobis
1782 1825 1896 1861 non
1917 1808 2125 1876 editur,
2151 1808 2361 1880 quippe

331 1923 476 1978 quae
502 1904 653 1971 edita
671 1904 790 1973 jam
817 1902 942 1969 fuit,
974 1903 1222 1956 Litterae
1254 1902 1732 1970 Quadrimestres,
1763 1912 1801 1958 t.
1837 1922 1878 1970 1,
1910 1923 2044 1975 pag.
2084 1918 2205 1974 150.

439 2000 651 2057 Ultima
675 2018 811 2053 vero
838 1999 1008 2068 hujus
1034 1997 1331 2052 voluminis
1357 1998 1615 2069 epistola,
1649 2015 1776 2069 223,
1802 2000 1895 2054 cui
1916 1999 2049 2055 olim
2071 2001 2358 2073 obtigerat

328 2115 600 2153 numerus
644 2111 743 2167 94,
793 2094 1106 2151 exorditur:
1143 2093 1210 2166 «Ι
1243 2093 1252 2167 Ι
1286 2094 1623 2150 Sanctisimo
1668 2115 1705 2167 y
1750 2096 2048 2153 beatisimo
2097 2098 2281 2155 Padre
2315 2098 2324 2171 Ι

330 2195 397 2247 ΕΙ
423 2191 560 2247 R.d0
587 2199 830 2247 maestre
857 2189 1083 2256 Lainez,
1114 2208 1354 2260 persona
1377 2191 1618 2264 degran
1646 2192 1942 2264 religion.»

435 2287 787 2343 Absolvitur:
819 2285 1222 2341 «exercitacion
1242 2287 1312 2340 de
1338 2287 1673 2357 semejantes
1695 2290 1880 2344 obraS.
1907 2292 1997 2347 De
2019 2292 2281 2362 Trapana
2314 2292 2323 2366 Ι

325 2405 360 2440 a
404 2403 554 2440 xv111
591 2385 662 2438 de
698 2384 953 2439 Octubre
995 2395 1185 2451 1550.»
1226 2385 1384 2437 Haec
1428 2385 1670 2439 habetur
1705 2404 1896 2457 supra,
1939 2407 1996 2442 n.
2051 2390 2178 2458 346,
2217 2404 2352 2463 pag.

329 2495 456 2549 477-

1205 2626 1395 2673 Codex
1411 2627 1472 2674 ἓ.

434 2770 614 2840 Epist.
665 2769 901 2822 Mixtae.
951 2769 1056 2823 vol.
1110 2770 1532 2827 C.—Volumen
1566 2772 1622 2827 in
1659 2774 1781 2841 fol.,
1819 2793 1936 2830 non
1970 2786 2351 2849 compactum,

321 2866 486 2936 cujus
512 2864 571 2919 in
596 2865 766 2920 dorso
791 2882 1133 2935 pergameno
1158 2867 1297 2922 haec
1324 2886 1519 2923 recens
1546 2869 1727 2939 posita
1754 2880 1841 2928 est
1861 2872 2173 2945 inscriptio,
2199 2883 2353 2931 atra-

323 2968 515 3017 mento
541 2967 788 3017 exarata:
826 2961 1198 3016 «EPISTOL.
1237 2961 1245 3034 Ι
1281 2964 1577 3019 ΜΙΧΤΑΕ
1611 2964 1619 3038 Ι
1661 2981 1955 3038 1551-52.»

435 3057 626 3111 Habet
651 3055 916 3126 epistolas
952 3070 1079 3124 207,
1111 3075 1180 3112 ex
1214 3058 1411 3115 ordine
1445 3060 1571 3115 stilo
1607 3063 1761 3118 rubri
1796 3066 2000 3121 coloris
2028 3067 2351 3138 nuperrime

323 3159 666 3208 numeratas:
709 3150 839 3206 folia
882 3150 1119 3206 diversis
1163 3154 1411 3210 numeris
1455 3158 1774 3228 signantur,
1813 3170 2011 3233 utpote
2044 3180 2077 3218 e
2110 3163 2351 3220 diversis

321 3246 612 3305 codicibus
638 3246 698 3310 in
732 3249 839 3302 hoc
873 3248 1138 3303 volumen
1173 3250 1428 3319 collecta,
1466 3261 1530 3307 ut
1556 3253 1614 3308 in
1651 3257 2028 3329 descriptione
2062 3259 2274 3316 codicis
2302 3264 2351 3317 Β

318 3340 535 3397 dictum
561 3350 666 3399 est.

428 3437 711 3509 Epistolae
755 3437 966 3509 primae
998 3438 1112 3493 duo
1146 3440 1279 3496 folia
1311 3442 1541 3500 minoris
1578 3448 1985 3519 magnitudinis
2018 3453 2350 3525 praefigun-

317 3541 429 3599 tur,
460 3550 701 3603 quorum
726 3534 1041 3590 secundum
1073 3553 1279 3606 purum
1311 3547 1416 3593 est:
1456 3541 1697 3611 primum
1724 3548 2051 3616 generalem
2078 3548 2349 3620 epistola-

315 3646 441 3682 rum
466 3627 709 3683 indicem
734 3628 1006 3696 continet,
1044 3630 1136 3687 vel
1168 3632 1356 3703 potius
1388 3634 1632 3694 indicem
1659 3649 1960 3698 auctorum
1993 3661 2028 3699 e
2055 3644 2346 3702 Societate

304 3725 444 3795 Jesu
489 3723 683 3779 ordine
727 3723 1079 3795 alphabetico
1124 3728 1463 3786 confectum.
1513 3751 1570 3788 v.
1610 3752 1668 3806 g.
1716 3737 2036 3809 «Epistolae
2069 3739 2081 3813 Ι
2114 3741 2338 3798 Annor.
