2658 4296
1206 268 1261 314 14
1291 237 1434 316 Jimn
1469 267 1582 315 1550
2319 265 2410 324 399

363 384 661 452 charitate,
710 383 1095 454 vitiorumque
1145 382 1598 449 mortificatione,
1649 392 1710 438 vt
1754 403 1949 440 eorum
1996 388 2177 445 famae
2221 392 2408 448 bonus

364 483 504 536 odor
529 499 631 552 per
658 489 831 536 totam
859 479 1146 537 civitatem
1174 478 1463 550 dispersus
1490 478 1582 533 sit.
1609 480 1704 534 Ab
1725 480 1834 535 alio
1856 484 2098 552 quodam
2119 494 2404 542 monaste-

364 576 448 632 rio
481 578 628 633 bene
660 595 761 649 per
794 570 1007 631 annum
1042 584 1278 647 rogatus
1323 592 1469 640 sum,
1509 583 1570 628 vt
1607 574 1910 645 aliquando
1955 582 2402 637 exhortationem

362 674 649 729 haberem:
681 681 839 733 esset,
859 671 1087 742 quidem
1113 671 1192 725 ibi
1219 670 1461 726 maxime
1486 670 1888 738 necessarium,
1921 674 2052 744 quia
2071 675 2148 729 ibi
2175 677 2402 747 quidam

360 787 459 839 per
485 778 846 839 peccatorum
873 767 1308 833 confessionem,
1338 766 1449 822 Dei
1474 766 1679 838 gratia,
1710 785 1744 820 a
1770 767 2007 822 mirabili
2035 772 2308 828 daemone
2332 772 2402 828 li-

361 866 591 920 beratus
625 863 750 931 fuit;
789 864 891 919 sed
936 863 1240 934 impeditus
1285 880 1509 934 semper
1553 861 1636 916 fui
1674 871 1775 918 aut
1813 865 2265 922 confessionibus
2304 878 2403 925 aut

359 962 484 1016 aliis
509 960 1007 1032 occupationibus:
1037 959 1121 1014 sic
1146 978 1344 1014 eorum
1370 959 1651 1015 desiderio
1677 960 1828 1014 bono
1856 962 2151 1032 hucusque
2176 965 2400 1021 satisfa-

356 1076 487 1113 cere
513 1075 629 1112 non
653 1056 829 1133 potui.
857 1057 1038 1127 Spero
1066 1066 1256 1112 tamen
1282 1075 1373 1111 me
1399 1055 1758 1126 incepturum
1793 1055 1974 1123 breui,
2005 1057 2052 1111 si
2079 1060 2400 1129 paternitati

340 1163 582 1217 ‚vestrae
607 1153 687 1208 ita
713 1152 899 1209 visum
927 1152 1115 1207 fuerit.

469 1252 892 1319 Nonnunquam
918 1257 990 1302 vt.
1008 1248 1262 1303 infirmos
1284 1248 1506 1304 visitem
1527 1267 1806 1316 accersor,
1832 1249 1979 1306 inter
1999 1271 2140 1322 quos
2161 1273 2290 1310 cum
2312 1256 2386 1309 vi—

357 1346 586 1402 sitarem
613 1347 964 1400 sacerdotem
993 1346 1316 1415 quemdam,
1342 1344 1527 1399 virum
1547 1346 1801 1414 doctum,
1826 1345 1935 1401 iam
1956 1366 2115 1403 sacra
2135 1350 2398 1408 vnctione

356 1450 716 1513 perunctum,
746 1450 823 1507 et,
856 1451 916 1495 vt
942 1443 1277 1512 putabatur,
1308 1440 1483 1512 agoni
1508 1441 1855 1512 proximum,
1887 1442 1954 1510 is,
1987 1462 2115 1499 cum
2144 1448 2398 1502 confiteri

353 1537 654 1609 coepisset,
685 1537 887 1592 melius
913 1556 975 1594 se
1001 1539 1212 1594 habere
1239 1547 1482 1593 testatus
1508 1546 1614 1593 est.
1647 1539 1863 1609 Itaque,
1895 1542 2148 1610 generali
2174 1545 2393 1598 confes-

354 1634 515 1690 sione
542 1643 790 1705 peracta,
820 1634 879 1688 in
907 1635 1080 1705 pedes
1103 1653 1136 1689 e
1162 1634 1402 1705 grabato
1435 1643 1564 1706 post
1599 1636 1768 1689 horas
1801 1635 2015 1707 aliquot
2040 1638 2309 1705 surrexit,
2340 1648 2397 1693 et

351 1751 416 1787 se
442 1730 885 1787 deambulationi
911 1730 1086 1786 dedit:
1118 1730 1216 1801 qui
1241 1730 1416 1785 vitam
1445 1750 1516 1787 ex
1551 1740 1672 1785 toto
1705 1732 2002 1802 proposuit
2026 1734 2312 1805 corrigere
2337 1735 2397 1788 in

353 1829 554 1883 melius
587 1829 621 1881 ².
654 1826 787 1882 Fuit
812 1836 1105 1898 praeterea
1130 1827 1379 1898 quidam,
1412 1827 1529 1899 qui,
1561 1846 1693 1882 cum
1720 1829 1792 1882 ad
1817 1845 2008 1883 sacros
2033 1830 2258 1885 ordines
2280 1832 2394 1885 Co—

353 1924 560 1979 loniam
604 1933 855 1980 venlsset
871 1968 883 1992 ,
921 1924 974 1979 ei
1020 1924 1358 1979 tradidimus
1402 1924 1673 1981 exercitia
1717 1924 1894 1995 prime
1940 1927 2291 1982 hebdomade
2335 1926 2394 1982 in

351 2021 707 2075 hebdomada
734 2029 952 2087 sancta,
982 2039 1101 2075 non
1128 2020 1252 2076 sine
1276 2039 1487 2092 magno
1515 2022 1726 2087 fructu,
1757 2022 1950 2076 multis
1976 2022 2124 2078 enim
2152 2040 2279 2076 cum
2309 2024 2394 2078 la-

351 2116 583 2172 chrimis
608 2125 842 2188 peccata
875 2116 992 2172 vite
1029 2117 1332 2188 praeterite
1365 2118 1616 2183 defleuit,
1653 2136 1976 2188 proponens
2011 2118 2067 2171 in
2102 2128 2390 2190 posterum

347 2233 410 2268 se
439 2222 619 2268 totum
647 2213 746 2268 X.i
787 2213 1016 2268 servitio
1044 2213 1519 2284 mancipaturum,
1548 2213 1786 2284 aliisque
1813 2215 2073 2285 gratiam,
2100 2223 2213 2269 tam
2233 2215 2391 2270 brevi

349 2319 604 2381 tempore
625 2329 658 2364 a
684 2312 808 2365 Deo
829 2318 1142 2381 acceptam,
1166 2309 1740 2364 communicaturum.
1767 2309 1900 2365 Fuit
1920 2319 1978 2365 et
1998 2311 2142 2365 alius
2162 2311 2390 2382 quidam

345 2407 581 2471 flander,
614 2405 711 2476 qui
738 2405 994 2461 similiter
1019 2405 1200 2477 prime
1226 2406 1582 2462 hebdomade
1608 2406 1878 2461 exercitia
1915 2406 2141 2461 habuit:
2173 2406 2220 2461 is
2247 2425 2390 2477 quo-

346 2522 458 2573 que
483 2521 545 2557 se
564 2503 738 2558 vitam
765 2511 1152 2558 correcturum
1180 2501 1493 2574 proposuit.
1525 2502 1745 2558 Nobilis
1773 2503 1999 2572 quidam
2027 2503 2384 2569 coloniensiS,

346 2599 618 2671 magister
644 2599 703 2654 in
730 2599 967 2667 artibuS,
1006 2617 1138 2654 cum
1173 2598 1383 2654 nostris
1410 2598 1668 2655 confiteri
1695 2608 1754 2654 et
1787 2598 2204 2654 communicare
2230 2598 2386 2653 ince-

345 2696 448 2767 pit,
487 2697 817 2751 adolescens
851 2695 1144 2768 egregiuS,
1182 2695 1410 2767 optimis
1442 2694 1696 2750 moribus
1729 2695 2039 2767 praeditus,
2078 2694 2380 2767 benignuS,

343 2791 582 2848 affabilis
609 2810 739 2846 cum
767 2791 891 2846 aliis
918 2793 1327 2848 conversando:
1359 2791 1407 2846 is
1426 2791 1567 2861 jam,
1592 2791 1947 2846 matrimonio
1968 2790 2200 2845 omnino
2228 2799 2384 2861 post-

344 2888 549 2959 posit0,
581 2907 642 2944 se
670 2897 851 2943 totum
879 2887 977 2944 X.i
1010 2890 1151 2961 Jesu
1178 2887 1499 2959 paupertati
1526 2896 1582 2943 et
1598 2887 1928 2943 obedientie
1954 2888 2162 2942 dedere
2188 2888 2383 2942 decre-

342 2985 444 3039 uit.
478 2985 744 3041 Exercitii
771 2985 957 3058 gratia
985 2985 1352 3041 Aristotelem
1379 2984 1440 3038 in
1469 2987 1652 3039 Bursa
1678 2983 1987 3054 juvenibus
2014 2983 2254 3053 perlegit
2275 3002 2384 3035 vna

344 3100 474 3135 cum
519 3062 813 3138 Ciceronis
858 3082 1073 3153 aliquot
1106 3081 1360 3153 scriptiS,
1400 3099 1515 3151 quo
1548 3081 1719 3135 huius
1753 3080 1970 3150 aliquos
2006 3080 2077 3132 ad
2112 3079 2208 3133 X.i
2244 3082 2383 3150 Jesu

343 3196 518 3234 suave
544 3179 743 3250 iugum
770 3164 1035 3250 pellicere
1054 3188 1244 3249 queat.
1261 3175 1465 3234 ‘Nostri
1486 3179 1799 3232 confratres
1826 3185 1883 3230 et
1909 3175 2146 3229 studiosi
2173 3175 2382 3228 multos

342 3275 527 3348 gratia
558 3275 667 3330 Dei
701 3276 773 3346 ad
806 3275 1039 3331 meliora
1074 3277 1333 3331 trahunt:
1372 3274 1532 3330 brevi
1567 3275 1711 3328 duos
1745 3272 2027 3327 studiosos
2061 3271 2118 3323 in
2151 3271 2380 3323 domum

342 3371 687 3443 recepimuS,
737 3372 834 3443 qui
879 3392 941 3429 se
992 3381 1143 3428 totos
1188 3372 1285 3427 X.i
1327 3371 1558 3427 servitio
1609 3389 1676 3426 ac
1729 3367 1996 3426 Societati
2049 3383 2381 3422 consecrare

317 3487 319 3489 ·
341 3468 560 3539 optant„
591 3469 662 3524 ad
689 3487 913 3524 omnem
941 3468 1320 3525 obedientiam
1347 3466 1748 3539 paratissimos.

453 3567 532 3621 Vt
569 3567 792 3621 tandem
831 3566 1051 3632 finiam,
1091 3565 1231 3620 faxit
1263 3563 1543 3627 Dominus
1579 3562 1793 3617 meritis
1826 3570 1883 3615 et
1922 3559 2183 3631 precibus
2219 3559 2375 3614 Stae.

436 3779 447 3803 ¹
512 3776 784 3829 POLANco,
810 3782 849 3818 t.
880 3785 932 3831 11,
957 3787 1073 3832 pag.
1103 3770 1178 3830 83,
1202 3788 1255 3817 n.
1290 3782 1392 3827 191.
