2618 4152
1065 276 1137 309 An
1167 275 1450 310 LECTOREM
2221 268 2279 313 23

233 410 353 446 non
378 400 619 462 poterat,
650 409 781 446 cum
808 391 1030 446 illarum
1058 399 1458 463 argumentum
1487 410 1658 463 saepe
1693 394 1950 465 pluribus
1983 394 2284 451 commune

238 502 333 570 sit,
362 520 607 572 quorum
634 503 845 574 scripta
870 503 929 557 in
955 504 1142 558 lucem
1169 504 1289 573 jam
1322 503 1601 573 prodiere3
1642 505 1743 559 sed
1781 503 1921 558 illud
1955 505 2280 572 asserimuS,

241 613 394 684 quod
419 632 588 670 nemo
613 614 851 669 inficiari
875 614 1103 686 poterit,
1134 615 1317 668 multa
1338 613 1398 667 in
1426 613 1513 667 his
1539 613 1792 684 epistolis
1828 634 1998 682 nova,
2041 629 2098 672 et
2130 616 2285 671 inco-

240 722 403 794 gnita
427 726 748 795 hucusque,
778 725 1039 792 inveniri;
1071 724 1305 796 cognita
1331 733 1522 779 autem
1550 733 1608 781 et
1635 726 1707 778 ab
1744 724 1866 779 aliis
1900 726 2051 781 dicta
2085 727 2283 783 iisdem

238 852 409 906 saepe
435 836 723 908 compleri,
754 836 981 908 saepius
1007 835 1351 903 confirmari,
1383 854 1810 906 nonnumquam
1846 836 2015 892 etiam
2051 838 2279 909 corrigi.

295 1100 298 1104 ⁵
322 1111 462 1157 Licet
481 1126 628 1171 quam
657 1111 708 1156 in
735 1110 926 1156 edendo
956 1111 1114 1169 primo
1144 1111 1395 1155 volumine
1425 1111 1666 1155 rationem
1696 1110 1963 1168 tenuimus,
1989 1111 2211 1155 eamdem
2233 1112 2283 1156 in

229 1185 323 1228 hoc
343 1200 538 1245 quoque
559 1185 876 1242 retineamus,
900 1185 950 1229 in
971 1200 1025 1230 re
1047 1183 1364 1230 nihilominus
1386 1184 1526 1244 parvi
1546 1184 1783 1229 momenti
1804 1184 2005 1243 aliquid,
2025 1190 2079 1228 ut
2100 1199 2284 1229 morem

233 1260 479 1319 plerisque
514 1274 820 1318 gereremus,
850 1259 1109 1304 immutare
1140 1273 1239 1304 non
1275 1259 1628 1304 dubitavimus.
1667 1259 1823 1316 Igitur
1854 1258 1906 1302 in
1936 1258 2133 1316 litteris,
2164 1273 2284 1318 quas

232 1335 481 1392 appellant
507 1334 838 1393 majusculas,
870 1333 1162 1379 adhibendis
1193 1335 1348 1379 multo
1376 1334 1622 1392 parciores
1653 1332 1859 1388 erimus3
1891 1339 1942 1377 et
1972 1331 2193 1376 ultimam
2222 1334 2283 1376 ab

232 1407 483 1454 academia
501 1408 782 1468 hispanicae
805 1408 1003 1467 linguae
1025 1408 1275 1453 inductam
1297 1408 1505 1454 acuendi
1525 1406 1767 1453 rationem
1789 1421 1879 1451 nos
1900 1421 2093 1466 quoque
2123 1420 2284 1451 serva-

235 1482 415 1528 bimus.

321 1559 583 1604 Praeterea
603 1557 797 1618 quando
818 1572 847 1602 a
867 1557 1010 1603 nobis
1031 1558 1290 1603 POLANCO
1319 1557 1516 1615 citatur,
1539 1556 1772 1602 citabitur
1802 1562 1968 1600 autem
1990 1569 2157 1614 saepe,
2186 1555 2281 1599 Po-

228 1644 390 1679 LANCI
413 1632 697 1678 Chronico-n
718 1631 1095 1690 intelligendum
1118 1638 1211 1676 est.
