2618 4152
1059 292 1131 326 AD
1160 290 1444 327 LECTOREM
2239 300 2266 346 7

221 394 417 472 judice
449 413 619 470 esset,
663 398 919 461 nonnihil
950 406 1335 464 molestiarum
1365 404 1820 477 experiebantur,
1863 429 1969 466 nec
2005 430 2141 467 suos
2169 433 2269 469 ex-

230 513 476 582 pandere
503 533 689 570 ramos
710 516 1011 574 Societatis
1038 518 1206 573 arbor
1224 517 1283 570 in
1311 517 1406 571 illo
1434 518 1554 572 solo
1582 527 1820 589 poterat.
1850 521 2049 575 Plures
2070 508 2269 578 'extant

230 624 517 680 Francisci
539 616 709 697 Rojas
735 629 807 685 de
833 631 941 684 hac
967 648 1027 684 re
1053 629 1344 700 epistolae,
1376 628 1435 682 in
1456 616 1664 698 quibus
1691 640 1922 701 apparet
1949 642 2267 688 nostrorum

229 735 463 792 consilia
509 739 664 809 pacis
710 740 1157 810 concordiaeque
1202 759 1424 811 semper
1470 739 1646 794 fuisse
1693 741 1746 813 (1
1763 756 1784 795 1
1829 744 1983 813 Jan.,
2035 758 2067 811 7
2113 755 2169 799 et
2198 761 2266 814 27

229 847 438 915 Martii,
472 862 501 918 5
532 850 737 920 April.,
772 868 842 920 30
870 851 1024 922 Maji,
1064 867 1086 906 1
1106 851 1261 924 Julii,
1295 867 1360 906 10
1382 851 1585 923 Aug).
1610 839 1723 906 Res
1743 853 1912 923 saepe
1933 855 2262 925 composita,

225 975 394 1029 saepe
414 959 689 1015 dissoluta
708 970 795 1017 est
817 963 905 1034 (28
928 962 1128 1034 Aug),
1156 963 1270 1019 Sed
1290 964 1433 1018 haec
1454 963 1525 1016 ad
1553 981 1732 1018 annos
1750 963 2006 1034 proxime
2023 982 2266 1036 sequen—

222 1072 629 1127 tes.—Interea
655 1090 810 1139 ver0,
843 1073 977 1143 quia
1009 1073 1321 1129 arctissime
1357 1092 1487 1128 cum
1523 1073 1910 1145 superioribus
1939 1077 2261 1141 cohaerent,

220 1180 334 1232 huc
372 1184 722 1239 revocandae
767 1193 903 1238 sunt
946 1184 1223 1254 plurimae
1268 1184 1587 1240 Aldunciae
1633 1185 1920 1240 Gonzalez
1973 1185 2261 1256 epistolae,

223 1306 370 1358 quae
395 1291 466 1345 de
500 1293 735 1348 aedibus
768 1295 1302 1367 caesaraugustanis
1329 1297 1514 1366 deque
1539 1295 1638 1350 lite
1674 1313 1804 1349 cum
1845 1296 1964 1350 suis
1999 1297 2266 1351 fratribus

225 1401 393 1459 unice
412 1415 613 1475 agunt.

331 1517 552 1572 Domus
595 1518 1024 1574 barcinonensis
1058 1537 1272 1590 paucos
1297 1537 1537 1574 numero
1563 1518 1748 1573 socios
1775 1518 2123 1575 continebat.
2163 1519 2262 1585 Hi,

220 1644 351 1681 cum
378 1627 436 1681 in
462 1630 844 1700 proximorum
865 1632 1105 1687 salutem
1133 1632 1547 1697 adlaborarent,
1590 1632 1783 1688 sedem
1813 1630 1980 1687 etiam
2011 1631 2267 1687 Societa—

219 1736 291 1792 tis
310 1739 592 1810 propriam
611 1742 841 1808 habere,
866 1741 1210 1813 amplissima
1230 1741 1463 1798 civitate
1475 1728 1730 1813 dignam,
1752 1728 2124 1795 conabantur.
2151 1743 2268 1798 Sed

217 1847 440 1904 illorum
460 1860 518 1907 et
544 1851 857 1907 amicorum
885 1862 1126 1908 conatus
1153 1853 1295 1907 irriti
1328 1852 1426 1907 diu
1463 1852 1911 1908 fuerunt.—Diu
1949 1852 2266 1908 Barcinone

217 1949 477 2017 versatus
511 1963 620 2017 fuit
653 1965 862 2032 AraOZ,
900 1965 1017 2035 qui,
1058 1964 1317 2036 quamvis
1351 1971 1546 2036 aeger,
1577 1963 1752 2019 sacris
1788 1966 1915 2020 Deo
1946 1963 2266 2035 virginibus

216 2072 288 2126 ad
321 2074 662 2132 severiorem
695 2075 1051 2148 disciplinam
1073 2075 1436 2132 traducendis
1472 2094 1702 2147 operam
1736 2076 2003 2142 navabat,
2022 2075 2267 2145 jubente
2348 2153 2353 2159 Ι

215 2183 467 2257 principe
495 2186 825 2258 Hispaniae,
860 2187 1120 2260 Philippo
1148 2189 1259 2261 (12,
1306 2203 1390 2256 14,
1438 2200 1500 2256 15
1531 2189 1661 2260 Jan.
1701 2202 1757 2255 4,
1791 2201 1860 2240 22
1896 2186 2107 2257 Febr.).
2135 2187 2262 2257 Ag—

214 2296 442 2368 gregati
474 2297 840 2354 nihilominus
888 2299 1160 2356 Societati
1198 2307 1335 2354 sunt
1375 2297 1692 2354 Barcinone
1737 2297 2125 2353 adolescentes
2159 2296 2264 2352 ali-

214 2418 373 2479 quot,
412 2429 519 2467 nec
555 2413 829 2467 tacendus
874 2421 962 2467 est
1007 2410 1296 2467 Antonius
1341 2412 1494 2494 Gon,
1540 2428 1762 2465 summa
1799 2409 2127 2481 integritate
2152 2408 2257 2474 vir,

213 2511 379 2592 cujus
404 2523 596 2594 plures
622 2524 842 2579 edimus
869 2524 1136 2596 epistolas
1165 2525 1256 2596 (14
1275 2526 1430 2597 Jan.,
1471 2539 1535 2596 19
1563 2522 1770 2594 April.,
1811 2535 1874 2589 17
1904 2520 2103 2592 Maji.).

336 2635 695 2690 Valentinum
740 2636 1045 2708 collegium
1071 2654 1240 2690 suum
1266 2653 1497 2690 cursum
1519 2635 1751 2692 tenebat
1772 2633 1879 2688 sub
1900 2633 2116 2706 Jacobo
2151 2631 2264 2686 Mi*

215 2762 375 2799 rone.
414 2746 550 2814 Sed,
600 2747 753 2817 quod
797 2746 1036 2813 mireriS,
1086 2747 1244 2802 nulla
1277 2747 1465 2802 editur
1499 2745 1650 2800 illius
1689 2744 1926 2816 epistola
1965 2742 2261 2799 Valentiae

214 2856 553 2928 conscripta.
581 2860 728 2913 Nam
747 2876 984 2930 paucae,
1010 2876 1152 2929 quas
1172 2859 1282 2912 hoc
1303 2876 1454 2913 anno
1474 2857 1595 2929 ipse
1612 2856 1789 2922 dedit,
1811 2854 2036 2911 Gandia
2055 2853 2264 2908 missae

132 2970 139 2974 '
215 2977 350 3022 sunt
378 2969 488 3040 (ΙΙ,
534 2985 597 3038 13
634 2970 842 3036 Martii,
885 2987 916 3039 3
954 2970 1134 3042 April.
1181 2969 1500 3026 Videantur
1535 2977 1593 3025 et
1632 2966 1952 3022 valentinae
1991 2965 2153 3036 epist.
2188 2979 2260 3031 24

216 3079 409 3146 Febr„
440 3097 477 3149 4
503 3081 713 3147 Martii,
753 3098 774 3137 1
808 3082 1030 3154 Junii.).
2167 3065 2171 3067 ’

325 3192 441 3249 Sed
467 3191 526 3247 in
553 3192 832 3264 Hispania
851 3193 1104 3248 omnium
1125 3193 1322 3248 oculos
1345 3202 1481 3246 tunc
1502 3193 1574 3246 ad
1595 3208 1657 3245 se
1677 3189 2086 3245 convertebant
2099 3203 2255 3258 gan-

210 3303 432 3358 dienses
457 3304 613 3359 socii.
646 3305 892 3371 Gandia,
923 3323 1041 3359 non
1060 3305 1156 3359 illa
1182 3304 1412 3374 quidem
1434 3305 1572 3358 urbs
1593 3302 1899 3356 admodum
1921 3298 2124 3368 ampla,
2149 3314 2255 3352 nec

209 3431 341 3469 cum
376 3415 498 3470 aliis
532 3416 843 3487 Hispaniae
878 3417 1115 3471 urbibus
1151 3416 1432 3488 dignitate
1459 3423 1517 3469 et
1551 3431 1789 3467 numero
1823 3410 2033 3465 civium
2060 3407 2254 3462 confe—

208 3527 403 3593 renda,
435 3527 786 3598 gloriabatur
806 3538 995 3583 tamen
1022 3546 1147 3584 esse
1174 3527 1336 3599 quasi
1362 3525 1709 3581 incunabula
1736 3520 2022 3577 nascentis
2060 3516 2254 3574 Socie-

210 3637 343 3692 tatis
368 3638 710 3709 hispanicae:
741 3659 862 3694 non
887 3642 1041 3710 quod
1067 3658 1173 3694 suo
1199 3639 1328 3694 sinu
1355 3656 1422 3692 ac
1448 3635 1758 3709 parietibus
1795 3633 1973 3705 prima
2007 3627 2254 3718 omnium

216 3748 401 3803 socios
435 3738 727 3818 complexa
771 3749 943 3806 fuerit
989 3738 1159 3821 (hunc
1204 3748 1355 3803 enim
1401 3750 1674 3801 honorem
1719 3743 1825 3798 sibi
1861 3738 2100 3796 Barcino
2127 3737 2259 3806 jure
