2658 4296
1073 294 1146 352 '19
1174 296 1317 354 Jumr
1350 303 1463 351 1550
2203 303 2297 361 403

1220 610 1374 661 3²4

850 782 1192 830 CLAUDIUS
1222 783 1313 826 DE
1345 781 1708 831 COUDRETO

665 940 1040 995 FRATRI
1104 939 1298 1015 SUO
1356 941 1890 999 LUDOVICO

926 1111 1158 1147 PATAvro
1195 1112 1249 1159 19
1278 1112 1413 1156 Jmm
1447 1111 1562 1158 1550
1596 1105 1630 1149 ¹.

352 1257 429 1300 De
450 1251 663 1311 negotiis
684 1251 1075 1297 suis.-Matrem
1096 1264 1265 1295 eorum
1287 1251 1560 1308 aegerrime
1581 1252 1754 1297 tulisse
1775 1255 2050 1314 consilium,
2073 1260 2203 1317 quod

612 1325 675 1371 de
695 1324 930 1370 cedendis
951 1324 1167 1384 paternis
1188 1325 1330 1370 bonis
1351 1323 1587 1370 Claudius
1609 1326 1952 1374 meditabatur.

371 1482 571 1540 Gratia
597 1490 654 1539 et
679 1500 790 1553 pax
816 1479 1029 1535 domini
1053 1480 1231 1535 nostri
1251 1483 1391 1554 Jesu
1419 1481 1633 1552 Christi
1651 1483 1816 1538 nobis
1835 1495 2110 1558 perpetuo
2131 1490 2294 1546 adsit.

373 1580 623 1636 Puderet
649 1595 740 1633 me
766 1576 826 1631 in
850 1576 1135 1656 praesenti
1172 1579 1652 1648 uehementerque
1685 1580 2000 1651 poeniteret
2035 1585 2300 1642 uanitatis

245 1686 319 1734 *et
337 1674 754 1732 inconstantiae
773 1691 954 1741 meae,
971 1671 1019 1727 si
1039 1690 1291 1743 unquam
1310 1673 1472 1730 aliter
1491 1683 1664 1745 atque
1679 1675 1781 1730 tibi
1796 1696 1896 1748 per
1912 1678 2102 1735 literas
2118 1680 2296 1753 signi-

258 1772 430 1829 ficaui
456 1780 514 1828 et
546 1788 701 1826 nunc
734 1769 940 1825 iterum
974 1770 1292 1836 declarabO,
1322 1772 1395 1825 ad
1428 1780 1667 1828 matrem
1702 1772 2075 1844 scripsissem:
2115 1779 2294 1833 moni-

263 1880 384 1925 tum
410 1887 500 1924 me
526 1866 742 1923 scilicet
769 1865 944 1922 fuisse
970 1867 1072 1920 abs
1098 1874 1155 1921 te
1182 1867 1266 1920 uti
1292 1867 1596 1938 praediola,
1629 1887 1775 1939 quae
1802 1871 1873 1924 ad
1898 1889 1989 1927 me
2015 1873 2295 1941 uenirent,

245 1965 417 2032 huic,
447 1963 542 2020 cui
577 1981 688 2035 ego
722 1981 906 2019 essem
944 1962 1224 2031 addictuS‚
1254 1946 1532 2020 Societati'
1559 1966 1943 2021 renuntiarem
1969 1970 2010 2022 ².
2042 1971 2299 2041 Respon-

248 2062 415 2117 disse
442 2059 544 2115 tibi
568 2059 710 2114 nihil
727 2060 800 2115 de
819 2062 929 2114 hoc
956 2067 1076 2114 toto
1095 2059 1347 2132 negoti0‚
1372 2060 1481 2115 nisi
1499 2061 1658 2132 prius
1682 2081 1745 2118 re
1765 2064 1836 2118 ad
1855 2073 2090 2120 matrem
2116 2067 2302 2122 delata

249 2157 470 2213 *confici
514 2174 699 2228 posse:
742 2174 947 2226 nempe
980 2154 1145 2210 euius
1178 2156 1445 2227 potestati
1478 2177 1606 2214 mea
1642 2177 1757 2213 non
1791 2161 1957 2214 modo
1991 2161 2295 2231 praediola,

246 2267 463 2310 'uerum
482 2253 653 2311 etiam
677 2251 951 2323 reliquam
976 2252 1403 2323 supellectilem,
1429 2255 1727 2310 facultates
1753 2256 1995 2328 denique
2021 2275 2215 2313 omnes
2236 2258 2299 2312 li-

250 2353 399 2407 ‘bera
424 2358 482 2405 et
507 2347 735 2421 publica
759 2347 1064 2403 donatione
1090 2348 1516 2406 commisissem:
1547 2350 1739 2422 itaque
1765 2361 2023 2423 oportere
2049 2371 2215 2408 suum
2243 2354 2300 2408 in

264 2450 373 2501 hac
398 2463 460 2501 re
504 2444 642 2499 mihi
668 2443 925 2516 praeberi
949 2462 1261 2500 assensum.
1283 2447 1444 2501 Haec
1470 2448 1657 2502 solum
1678 2449 1845 2503 modo
1870 2448 2046 2505 literis
2065 2458 2299 2505 matrem

250 2542 527 2598 >»docuisse
553 2560 665 2610 me,
689 2559 820 2596 cum
840 2559 967 2596 mea
985 2540 1123 2594 mihi
1145 2540 1306 2598 testis
1324 2551 1412 2596 est
1431 2528 1802 2611 conscientia,
1828 2554 1948 2600 turn
1968 2563 2106 2599 uero
2125 2545 2302 2616 ipsius

267 2638 463 2693 matris
507 2636 686 2694 literis
727 2636 945 2707 liquido
990 2637 1339 2708 peruidebis:
1378 2638 1615 2709 ipsaque
1649 2648 1704 2695 te
1742 2659 1833 2696 res
1859 2641 2201 2709 admonebit,
2240 2651 2302 2695 ut

255 2734 436 2806 'putes
462 2733 601 2789 nihil
634 2733 848 2803 inique,
884 2733 1026 2788 nihil
1059 2735 1321 2802 obscure,
1352 2734 1492 2789 nihil
1524 2736 1789 2807 denique,
1821 2755 1933 2807 quo
1961 2746 2016 2791 te
2049 2739 2301 2794 offende-

269 2850 408 2899 rem,
440 2830 987 2888 existimationemue
1022 2839 1177 2886 tuam
1210 2832 1357 2888 laedi
1384 2851 1552 2904 posse
1577 2833 1899 2902 arbitrarer,
1938 2853 1971 2888 a
2004 2853 2095 2890 me
2128 2834 2303 2888 fuisse

257 2938 479 2984 actum.
519 2929 735 2983 Verum
760 2927 974 2994 euenit,
1006 2929 1196 2996 frater,
1228 2938 1312 2996 ut,
1344 2940 1567 3001 praeter
1591 2948 1750 3001 spem
1784 2939 1954 3001 atque
1980 2930 2301 3001 opinionem

260 3043 473 3091 meam,
510 3031 710 3091 mater,
747 3023 944 3079 relicto
977 3026 1385 3096 propemodum
1420 3043 1486 3080 ac
1519 3035 1709 3096 spreto
1735 3026 2019 3080 literarum
2052 3044 2301 3082 mearum

259 3129 631 3192 <argument0,
660 3119 958 3188 eiusmodi,
988 3122 1184 3191 quales
1209 3139 1364 3176 nunc
1399 3121 1499 3176 tibi
1534 3122 1870 3188 transmitto,
1902 3121 2091 3178 literas
2117 3123 2187 3175 ad
2213 3139 2303 3175 me

271 3218 451 3272 daret.
477 3218 607 3273 Una
625 3215 794 3271 etiarn
814 3216 1190 3272 consobrinus
1208 3227 1421 3285 noster,
1438 3220 1731 3291 Johannes
1747 3220 1818 3273 de
1831 3220 1875 3272 F
1880 3226 2092 3282 renet0,
2110 3235 2298 3286 quem,

254 3319 504 3383 'propter
530 3311 654 3368 eius
689 3311 979 3378 uirtutem,
1009 3312 1175 3368 cuius
1201 3314 1285 3386 (ut
1310 3322 1528 3384 patrem
1561 3314 1726 3368 nobis
1760 3313 1944 3368 dicere
1971 3311 2216 3377 memini,
2245 3321 2302 3366 et

274 3427 379 3463 nos
412 3427 614 3465 reuera
646 3409 1044 3482 cognouimus)
1072 3409 1184 3464 iam
1217 3409 1351 3466 inde
1376 3428 1558 3479 usque
1592 3428 1627 3464 a
1659 3428 1835 3481 puero
1876 3408 1979 3463 suit
2006 3407 2302 3462 studiosis-

266 3505 470 3571 simus,
492 3505 627 3560 huic
646 3504 729 3561 rei
746 3506 1181 3562 aduersaturum
1200 3524 1511 3576 numquam
1530 3507 1873 3578 suspicabar:
1898 3512 2305 3575 proptereaque

291 3792 295 3796 Ι
368 3734 386 3763 ¹
446 3735 520 3780 Ex
542 3735 844 3796 autographo
864 3735 916 3781 in
936 3738 1042 3782 vol.
1069 3738 1128 3794 B,
1151 3738 1296 3782 unico
1318 3736 1453 3795 folio,
1476 3752 1529 3781 n.
1562 3746 1637 3795 27,
1659 3735 1791 3795 prius
1811 3735 1886 3782 62.

367 3811 386 3836 ²
448 3808 574 3854 vida
594 3809 738 3868 epist.
764 3807 869 3866 298,
891 3823 1004 3868 pag.
1028 3808 1134 3866 3443
1157 3809 1302 3869 epist.
1329 3808 1434 3868 301,
1459 3823 1568 3868 pag.
1594 3807 1676 3864 351
1702 3816 1753 3853 et
1776 3808 1917 3866 epist.
1943 3804 2046 3862 307,
2071 3820 2180 3864 pag.
2200 3805 2304 3851 360.
