2658 4296
1154 245 1215 292 30
1246 247 1389 305 JuNn
1425 255 1539 303 1550
2278 265 2368 313 415

322 392 423 430 res
451 381 641 446 partes
687 374 890 429 domus
922 391 1079 429 suae.
1121 374 1250 428 Hoc
1284 379 1475 428 autern
1503 371 1816 428 resciscens
1849 394 1996 432 vnus
2031 396 2100 433 ex
2134 381 2362 450 nostris,

319 469 424 542 qui
451 478 589 524 tunc
615 467 825 525 ibidem
850 470 1106 536 aderant,
1145 466 1301 524 socio
1329 466 1505 538 ipsius
1538 467 1746 522 infirmi
1779 487 1845 523 ac
1871 472 2194 529 moribundi
2226 493 2366 530 con-

326 565 628 621 fessionem
656 564 942 633 audiente,
982 563 1240 621 canonici
1272 572 1522 620 mentem
1556 562 1712 635 prius
1745 574 1944 620 sancta
1977 571 2367 629 exhortatione

318 661 576 717 emollire
620 680 725 733 pro
770 661 989 717 uiribus
1034 661 1327 727 adnititur,
1377 660 1543 731 cujus
1586 659 1777 716 verbis
1818 669 2028 718 tantam
2074 667 2364 739 energiam

321 757 566 813 contulit
598 760 758 813 Deus
795 766 1010 828 noster,
1047 766 1111 812 vt
1147 757 1354 829 ipsum,
1383 755 1521 812 alias
1551 756 1827 826 juuenem
1862 758 2205 828 pertinacem
2239 772 2298 819 et
2331 783 2365 820 a

321 854 767 926 consanguineis
823 839 1179 924 caeterisque
1243 851 1533 908 nonnullis
1590 870 1762 924 super
1818 844 1926 908 hac
1992 874 2054 911 re
2113 859 2364 915 crebrius

323 949 535 1007 obnixe
579 959 865 1023 rogatum,
914 969 983 1007 eo
1020 948 1380 1014 deduxerint,
1418 958 1482 1002 vt
1514 948 1626 1004 iam
1670 957 1904 1020 paratus
1947 961 2096 1007 esset
2128 963 2363 1012 matrem

317 1047 562 1119 supplex
588 1047 760 1103 adire.
793 1046 1036 1104 Accedit
1061 1045 1239 1117 igitur
1265 1045 1415 1099 filius
1449 1047 1522 1100 ad
1547 1053 1806 1112 matrem,
1845 1054 1904 1100 et
1929 1057 2123 1118 aperto
2156 1050 2358 1121 capite,

315 1143 625 1215 debitaque
659 1143 982 1201 reuerentia
1014 1142 1287 1211 exhibita,
1333 1141 1783 1214 ignorantiarum
1811 1143 2136 1213 juuentutis
2169 1147 2364 1219 culpas

310 1242 657 1312 'deprecatur
682 1260 695 1296 :
718 1249 782 1294 vt
806 1239 1069 1311 ignoscat
1088 1247 1270 1295 mater
1289 1237 1578 1294 humiliter
1597 1238 1758 1310 petit,
1783 1258 2130 1310 manumque
2149 1243 2364 1316 porrigi

312 1337 763 1392 deosculandam
812 1335 1118 1391 inclinatus
1162 1342 1349 1406 rogat.
1406 1337 1590 1390 Matre
1642 1344 1833 1390 autem
1882 1336 2039 1406 loqui
2089 1349 2363 1396 renuente

319 1433 636 1503 faciemque
670 1451 704 1487 a
729 1432 847 1487 filio
878 1440 1197 1500 auertente,
1234 1431 1416 1503 ipsam
1452 1433 1628 1487 frater
1651 1440 1864 1499 noster,
1895 1432 2045 1488 sicut
2069 1442 2128 1488 et
2160 1435 2357 1502 filium,

318 1530 564 1585 Domino
589 1529 918 1600 adjuuante,
949 1528 1254 1595 conuertit,
1285 1527 1592 1598 efficitque,
1615 1536 1679 1582 vt
1703 1528 1821 1582 filio
1846 1547 2076 1584 manum
2096 1531 2365 1601 praebeat

311 1627 702 1693 osculandam,
732 1643 910 1696 seque
933 1633 1136 1679 mutuo
1162 1625 1576 1695 amplexentur,
1602 1625 2017 1695 colloquantur,
2042 1644 2109 1681 ac
2134 1627 2363 1683 omnino

318 1721 772 1779 reconcilientur.
796 1724 967 1796 Jesus
1000 1724 1210 1793 Xpus,
1247 1721 1515 1776 dominus
1548 1730 1762 1791 noster,
1792 1742 1827 1778 a
1860 1741 1973 1793 quo
2001 1723 2175 1779 totius
2200 1724 2362 1797 origo

315 1819 451 1873 boni
476 1818 746 1886 dimanat,
770 1819 1054 1886 laudetur,
1079 1818 1448 1874 benedicatur
1475 1827 1534 1874 et
1552 1820 2007 1890 superexaltetur
2024 1819 2085 1874 in
2111 1823 2357 1876 saecula.

294 1917 524 1971 'Amen.
574 1918 830 1988 Uterque
862 1916 1216 1971 infirmorum
1250 1917 1450 1971 eodem
1492 1914 1586 1971 die
1618 1916 1933 1986 eademque
1973 1918 2113 1971 hora
2145 1936 2219 1973 ex
2252 1920 2361 1974 hac

314 2011 433 2067 vita
466 2012 737 2084 migrauit
780 2013 853 2069 ad
896 2012 1228 2080 Dominum,
1278 2012 1417 2067 satis
1461 2012 1800 2080 conformeS,
1850 2022 2127 2083 quantum
2169 2014 2362 2071 videre

309 2108 492 2176 licuit,
530 2110 758 2165 diuinae
790 2109 1150 2165 ordinationi.
1190 2109 1557 2165 Glorificetur
1592 2108 1875 2164 Dominus
1908 2110 1968 2165 in
2000 2110 2264 2166 omnibus
2300 2120 2362 2167 et

309 2224 412 2276 per
447 2206 657 2273 omnia,
694 2206 974 2277 nobisque
1007 2206 1158 2262 illam
1193 2205 1436 2278 gratiam
1471 2205 1742 2277 dignetur
1774 2205 2068 2278 impartiri,
2108 2226 2220 2279 qua
2252 2207 2359 2280 ipsi

310 2320 446 2358 vere
471 2311 530 2357 et
555 2302 799 2359 fideliter
823 2302 1158 2359 seruiamuS.
1193 2305 1401 2359 Amen.

422 2398 799 2455 Salmanticae
825 2398 1003 2470 pridie
1030 2400 1394 2455 calendarum
1413 2399 1571 2472 Julii,
1603 2399 1737 2454 anni
1765 2418 1956 2455 M.D.L.

753 2495 1029 2567 Indignus
1055 2495 1208 2550 filius
1235 2503 1390 2564 tuuS,

993 2592 1030 2665 †
1071 2595 1611 2648 BARTHOLOMAEUS
1651 2593 2054 2648 HERNANDEz.

420 2787 743 2857 Inscriptio:
761 2742 886 2860 Jlis.
911 2787 1239 2841 Admodum
1259 2786 1404 2840 Rdo.
1429 2785 1488 2839 in
1508 2787 1620 2840 X.0
1639 2785 1797 2841 Patri
1818 2788 1897 2841 M.
1922 2787 2165 2858 Ignatio‚
2188 2805 2354 2858 prae-

305 2883 493 2954 posito
519 2883 773 2955 generali
798 2883 1100 2940 Societatis
1118 2885 1279 2956 Jesu,
1309 2891 1420 2937 etc,
1451 2884 1686 2938 Romae.

423 2980 625 3040 Manet
675 2981 980 3053 vestigium
1034 2981 1245 3052 sigilli,
1299 2984 1418 3034 tum
1470 2980 1536 3033 in
1585 2980 1788 3047 latim,
1834 2984 1954 3034 tum
1983 2981 2064 3035 ,in
2115 2980 2353 3050 hispano

312 3076 651 3147 exemplari:
676 3076 776 3130 hoc
791 3081 1147 3147 postremum
1175 3078 1470 3131 invenitur
1497 3077 1562 3130 in
1587 3076 1774 3130 eodem
1803 3076 1932 3143 vol.·‚
1958 3076 2169 3146 duplici
2183 3076 2353 3149 folia,

308 3190 370 3226 n.
409 3175 533 3240 176,
551 3174 745 3243 priuS,
781 3175 907 3239 146.
