2658 4296
1090 164 1147 210 26
1179 164 1422 220 Aucusrx
1456 174 1572 232 1552
2259 175 2349 232 773

289 290 661 359 monasterio,
693 300 751 346 et
778 292 1022 347 tuttauia
1042 298 1292 346 trattono
1311 289 1442 345 colli
1462 290 1686 346 anciani
1707 302 1764 348 et
1784 294 1911 348 altri
1932 295 2187 352 cittadini
2209 301 2345 356 dare

298 386 492 441 buona
509 386 907 444 informatione
931 388 1080 444 della
1106 395 1301 442 nostra
1320 386 1694 465 Compagnia,
1720 392 1926 458 perche
1954 410 2069 446 non
2090 412 2344 464 pensono

305 481 416 536 mai
448 486 633 553 poter’
671 483 950 539 risormar'
984 485 1041 538 la
1076 501 1182 539 sua
1215 482 1351 538 citta
1396 500 1567 537 senza
1595 484 1632 535 l’
1671 484 1903 555 aggiuto
1939 488 2008 542 de
2042 491 2246 559 quella,
2285 501 2343 549 et

299 578 420 632 cosi
444 579 738 650 praticono
764 579 824 635 di
848 581 966 635 fare
1000 598 1116 635 uno
1149 577 1436 651 colleggio
1468 579 1482 605 ¹
1512 577 1664 633 circa
1689 580 1835 636 delle
1867 569 2148 639 moniche.
2183 587 2342 659 Ogni

303 674 361 727 di
387 673 436 729 si
470 674 551 746 gli
589 676 643 731 fa
670 694 750 731 un
776 694 1057 745 sermone,
1093 683 1152 734 et
1186 675 1281 747 poi
1317 677 1365 729 s'
1402 674 1771 745 interrogono
1805 694 1838 730 a
1874 695 1986 733 una
2019 698 2052 733 a
2084 698 2216 748 una,
2248 701 2340 739 se-

282 772 493 841 *gondo
519 771 558 826 il
592 772 871 844 consiglio
908 772 967 827 di
992 772 1179 843 questi
1204 769 1439 846 signori.
1473 771 1519 828 F
1521 769 1755 848 arianno
1782 790 1924 842 gran
1954 775 2128 830 frutto
2163 777 2209 831 si
2235 780 2338 833 ha-

283 884 530 929 -uessero
557 886 672 925 una
704 887 948 941 persona
973 870 1044 924 de
1070 867 1287 940 spirito,
1325 885 1488 923 come
1521 866 1858 939 desiderono
1884 868 1923 922 li
1950 869 2167 941 signori
2205 892 2334 944 pre-

280 963 462 1019 senti:
491 983 633 1021 sono
659 966 732 1020 da
761 979 828 1035 55
859 964 1141 1028 moniohe.
1173 965 1313 1029 ΠΡ.
1339 966 1420 1020 Μ.
1454 961 1722 1028 Pascasio
1743 963 1763 990 ²
1793 964 1873 1035 gli
1895 966 2017 1022 fece
2037 985 2181 1038 gran
2206 988 2338 1040 pro-

293 1060 437 1126 fitto,
468 1069 528 1116 et
553 1070 701 1117 tutta
727 1062 781 1117 la
806 1062 921 1118 cita
945 1063 1018 1117 ne
1044 1060 1293 1133 predica;
1324 1079 1417 1116 ma
1442 1060 1516 1114 da
1536 1059 1630 1130 poi
1650 1060 1861 1115 lhanno
1881 1061 2111 1140 lassam.
2142 1066 2338 1121 Penso

278 1159 400 1212 --che
425 1158 462 1211 l’
493 1157 748 1214 oratione
774 1158 832 1213 di
859 1160 932 1217 V.
964 1161 1032 1214 R.
1068 1161 1133 1214 P.
1168 1158 1404 1213 faranno
1432 1156 1673 1228 qualche
1700 1156 1877 1211 frutto
1908 1156 1966 1212 in
1986 1167 2184 1229 questo
2205 1161 2336 1216 luo-

290 1273 382 1320 00,
422 1257 631 1327 perche
666 1256 815 1311 uedo
848 1274 992 1328 gran
1027 1256 1254 1316 flamma
1287 1255 1345 1308 d'
1381 1255 1558 1309 amor'
1594 1271 1764 1308 verso
1798 1253 1853 1308 la
1891 1255 2243 1326 Compagnia
2279 1257 2337 1311 in

281 1351 482 1422 questi
514 1352 794 1422 cittadini,
824 1362 882 1410 et
915 1352 1011 1425 gia
1037 1353 1115 1411 m'
1142 1354 1335 1409 hanno
1369 1357 1684 1413 monstrato
1720 1368 1834 1405 uno
1860 1352 1991 1406 luco
2026 1369 2126 1423 per
2151 1352 2199 1407 il·
2216 1354 2339 1408 col-

294 1449 505 1521 leggiO.
537 1450 582 1504 Il
608 1449 820 1522 Signor-
846 1451 920 1508 ne
946 1467 1092 1505 caua
1115 1449 1171 1504 13
1195 1466 1301 1503 sua
1326 1447 1526 1519 gloria.

402 1547 533 1601 Non
558 1545 749 1601 scriuo
775 1546 830 1602 31
854 1534 1020 1603 Rmo.
1050 1544 1357 1612 cardinale,
1387 1552 1587 1599 nostro
1612 1553 1889 1614 protettor
1909 1546 1951 1612 ⁵,
1976 1563 2075 1616 per
2095 1564 2210 1600 non
2231 1564 2334 1617 po-

285 1653 374 1697 ter
409 1645 605 1699 hauer’
645 1651 855 1715 tempo:
907 1651 1110 1713 questo
1143 1644 1220 1698 ho
1265 1641 1506 1702 robbato
1543 1659 1646 1712 per
1690 1640 2012 1705 lubidienza
2058 1642 2114 1696 di
2149 1643 2221 1698 V.
2259 1645 2329 1701 R.

285 1741 343 1793 d²
375 1738 514 1811 ogni
541 1747 666 1799 otto
693 1740 772 1796 di.
809 1739 899 1796 Mi
923 1739 1266 1801 racomando
1294 1739 1403 1800 alle
1438 1755 1542 1793 sue
1576 1736 1929 1792 diuotissime
1965 1738 2225 1794 orationi.
2257 1739 2334 1801 Di

287 1839 440 1892 Rezo
465 1835 560 1891 ani
588 1836 659 1891 26
685 1837 741 1890 d’
775 1824 1001 1908 Agosto
1035 1848 1194 1905 1552.
1226 1837 1315 1890 De
1342 1836 1416 1890 v.
1448 1836 1517 1891 R.
1551 1836 1618 1889 P.
1650 1833 1965 1888 humillimo
1991 1852 2178 1902 seruo,

1299 1933 1577 1987 LANDINO
1617 1948 1697 1986 DA
1724 1931 2024 1986 SARZANA.

394 2025 720 2101 Inscriptio:
748 2030 786 2104 †
813 2031 891 2087 Al
922 2028 1037 2087 mio
1064 2029 1240 2094 molto
1273 2028 1418 2084 Rdo.
1452 2028 1637 2091 Padre
1675 2028 1769 2082 nel
1805 2035 1998 2082 nostro
2024 2027 2266 2099 Signor„
2282 2028 2323 2091 il

285 2130 352 2183 P.
384 2129 462 2193 M.
490 2127 715 2200 Ignatio
741 2127 976 2199 Loyola,
1008 2126 1296 2198 preposito
1317 2125 1465 2182 della
1484 2123 1839 2196 Compagnia
1859 2124 1931 2180 de
1944 2126 2082 2197 Jesu
2102 2122 2323 2196 dignis-

267 2224 444 2292 simO,
474 2223 535 2279 in
560 2226 683 2282 Sta.
716 2223 897 2280 Maria
919 2222 1107 2299 [della]
1133 2222 1358 2289 strada,
1387 2221 1449 2277 in
1474 2223 1672 2278 Roma.

389 2321 462 2377 Di
488 2330 653 2393 porto
679 2339 876 2376 mezzo
896 2337 1118 2392 grosso.

361 2540 374 2565 ¹
439 2537 693 2597 «Aliqui...
717 2552 780 2582 ex
810 2535 1161 2596 primoribus...
1192 2535 1330 2581 urbis
1355 2535 1419 2580 de
1444 2533 1656 2592 collegio
1686 2532 1948 2579 Societatis
1978 2531 2155 2590 Rhegii
2175 2531 2315 2577 insti-

251 2611 448 2658 tuendo
469 2627 619 2671 agere
635 2617 993 2672 coeperunt...»
1017 2613 1323 2670 POLANCUS,
1345 2616 1388 2655 t.
1417 2621 1470 2668 11,
1493 2622 1610 2668 pag.
1639 2618 1748 2666 452,
1771 2622 1820 2652 n.
1846 2606 1920 2652 88.

353 2689 372 2714 ²
434 2685 726 2732 Paschasius
747 2687 914 2742 Broet;
939 2687 1245 2744 POLANCUS,
1262 2690 1300 2730 t.
1323 2695 1378 2744 11,
1398 2697 1513 2744 pag.
1535 2689 1644 2741 451,
1662 2697 1711 2727 n.
1729 2681 1803 2739 84.
1825 2680 1923 2726 Sed
1940 2680 1982 2725 is
2001 2694 2113 2724 mox
2130 2678 2181 2724 in
2199 2679 2316 2724 Gal-

259 2760 380 2805 liam
401 2761 679 2806 contendit.

356 2836 375 2861 ³
436 2834 702 2895 Carpensis
723 2835 1002 2890 cardinalis,
1022 2833 1319 2894 Rodulphus
1341 2831 1437 2878 Pio
1458 2830 1522 2877 de
1544 2829 1708 2890 Carpi3
1740 2830 2042 2883 POLANCUS,
2067 2832 2103 2873 t.
2126 2837 2179 2884 11,
2198 2839 2311 2885 pag.

253 2919 372 2967 451,
389 2924 440 2961 n.
462 2909 539 2967 87.
562 2909 866 2957 «Cardinalis
888 2909 1173 2970 carpensis,
1195 2910 1451 2958 Protector
1471 2904 1757 2961 Societatis‚
1775 2902 1975 2961 optabat
1997 2906 2050 2945 ut
2066 2898 2308 2957 Rhegium

257 2997 320 3028 se
340 2983 517 3043 aliquis
539 2999 602 3030 ex
623 2985 805 3030 nostris
836 2984 1102 3043 conferret,
1132 2990 1186 3028 ut
1208 2981 1557 3035 monasterium
1587 2978 1830 3039 quoddam
1853 2974 2152 3031 monialium,
2175 2971 2307 3031 quod

262 3056 609 3104 reformatione
638 3058 862 3118 indigere
905 3072 1204 3118 magnopere
1240 3056 1519 3113 videbatur,
1555 3053 1789 3112 adjuvare
1820 3050 2074 3104 nitere-tun
2112 3052 2165 3092 et
2190 3044 2307 3105 quia

256 3131 452 3177 ‘vicinus
475 3139 579 3177 erat
600 3133 656 3177 Ρ.
682 3133 958 3192 Sylvester,
981 3132 1205 3180 delectus
1230 3131 1315 3178 ille
1336 3137 1415 3176 est
1437 3145 1466 3179 a
1486 3129 1542 3174 P.
1567 3126 1759 3187 Ignatio
1789 3124 1849 3170 ad
1870 3125 1960 3168 hoc
1991 3134 2166 3174 munus
2186 3119 2307 3172 obe-

254 3205 464 3251 undum.
473 3223 495 3247 »
