2618 4152
395 202 425 246 6
1221 197 1292 239 AD
1322 193 1620 238 LECTOREM

513 343 566 384 2.
646 325 930 396 Epistolae
958 323 1191 379 aliorum
1219 340 1252 375 a
1279 318 1580 383 Societate,
1604 313 1723 367 sive
1751 325 2182 365 EXTERNORUM.

512 438 738 491 Illorum
764 442 1151 499 numerantur,
1188 432 1314 502 plus
1340 427 1616 490 minusve,
1657 435 1745 491 75:
1785 420 2032 489 reliquae
2066 427 2428 478 externorum

403 557 554 603 sunt.

522 674 568 712 1.
649 658 961 713 SOCIORUM
1007 653 1272 724 epistolae
1317 651 1387 703 de
1428 648 1598 703 rebus
1643 640 1940 701 Societatis
1979 642 2120 712 Jesu
2166 639 2431 696 universe

405 746 603 839 agunt.
655 767 774 821 Nos
819 763 1241 835 praecipuarum
1287 764 1621 829 argumenta
1666 752 1860 825 paucis
1899 750 2300 823 percurrimus,
2339 749 2437 805 die

409 876 725 948 scriptionis
750 872 1069 946 parenthesi
1098 872 1115 943 (
1187 871 1203 941 )
1232 870 1467 923 incluso.
1495 868 1566 920 Et
1587 863 1851 936 quoniam
1873 881 1943 917 ex
1965 861 2243 932 Hispania
2263 861 2439 932 longe.

413 989 599 1058 plures
625 988 906 1041 habentur
933 982 1222 1055 epistolae,
1254 981 1323 1035 de
1350 978 1459 1032 illis
1485 976 1726 1048 primum
1753 974 2055 1029 dicendum
2085 981 2191 1028 est.

522 1101 583 1166 a)
657 1095 802 1151 Heic
848 1094 1072 1165 quidem
1118 1093 1320 1146 laetam
1355 1089 1521 1144 sociis
1566 1086 1901 1141 ostendebat
1944 1083 2144 1139 faciem
2180 1081 2443 1138 exoriens

417 1227 599 1264 annus
640 1221 798 1279 1549,
834 1224 964 1261 cum
1001 1204 1379 1258 Salmanticae
1419 1198 1729 1255 turbulenti
1776 1198 2050 1252 adversus
2096 1194 2439 1252 Societatem

417 1328 607 1374 aestus
634 1327 754 1372 tum
781 1316 966 1372 Patris
992 1315 1228 1370 Estrada
1254 1311 1643 1378 concionibuS‚
1669 1318 1790 1363 tum
1811 1307 2116 1380 praeclaris
2141 1310 2215 1362 P:
2234 1309 2444 1362 Torres

418 1428 686 1500 exemplis
728 1426 1211 1491 ‘defervescerent3
1251 1439 1589 1494 quamquam
1628 1439 1743 1476 non
1777 1420 2012 1477 deerant
2045 1417 2447 1490 praeoccupati

392 1539 773 1611 opinionibus
817 1537 1090 1603 homines,
1139 1534 1234 1607 qui
1281 1536 1464 1589 adhuc
1511 1531 2015 1588 obtrectationibus
2061 1529 2180 1585 suis
2220 1537 2450 1585 nostros

423 1651 721 1720 aliquando
747 1649 1067 1704 morderent
1095 1656 1152 1702 et
1178 1648 1488 1701 lacerarent
1516 1645 1605 1716 (26
1626 1642 1850 1715 April.).

535 1761 945 1830 Complutenses
965 1776 1098 1813 vero
1118 1757 1274 1824 socii,
1298 1756 1403 1812 etsi
1422 1773 1630 1827 magna
1648 1771 2074 1823 nonnumquam
2095 1770 2284 1807 rerum
2304 1759 2417 1807 tem
2434 1782 2454 1797 -r

422 1870 703 1943 poralium-
720 1869 907 1940 inopia
932 1877 989 1924 et
1022 1869 1297 1940 angustiis
1335 1874 1738 1939 premerentur,
1771 1866 2045 1936 majorem
2079 1871 2239 1919 certe
2261 1862 2453 1935 capie«

424 1983 561 2036 bant
604 1980 847 2036 laetitiae
886 1981 1249 2051 voluptatem,
1283 1987 1401 2033 tum
1436 1997 1506 2033 ex
1551 1977 1857 2032 amicorum
1903 1974 2320 2041 benevolentia,
2351 1973 2454 2045 qui

427 2109 590 2163 opem
617 2104 673 2148 et
699 2090 967 2145 auxilium
994 2090 1377 2162 indigentibus
1398 2090 1567 2144 sociis
1595 2090 1922 2154 afferebant,
1949 2096 2070 2142 tum
2095 2087 2188 2142 vel
2207 2085 2454 2142 maxime

403 2220 496 2256 ex
525 2203 731 2267 fructu,
771 2201 970 2271 quiex
999 2201 1169 2255 sacris
1203 2201 1405 2272 Ignatii
1440 2199 2007 2256 commentationibus
2043 2207 2100 2253 et
2126 2207 2454 2258 nostrorum

427 2311 836 2368 consuetudine
863 2311 1226 2382 proveniebat
1263 2313 1352 2383 (30
1386 2312 1540 2382 Maji,
1587 2328 1606 2366 1
1647 2313 1831 2383 Aug„
1865 2327 1928 2381 31
1972 2308 2458 2381 Octob.).-Diu-.

430 2404 651 2478 tumam
686 2431 873 2477 tamen
901 2421 1145 2492 quietem
1180 2422 1635 2492 uberrimumque
1671 2422 1986 2477 animorum
2019 2422 2240 2476 lucrum
2273 2436 2465 2490 aequo.
2506 2498 2509 2500 Α

431 2534 615 2589 animo
661 2552 775 2588 non
822 2533 949 2587 tulit
994 2533 1323 2588 vaferrimus
1352 2534 1648 2590 Societatis
1687 2534 1886 2602 hostiS,
1929 2534 2330 2598 cacodaemon,
2360 2529 2468 2600 qui

434 2654 678 2701 atrocem
721 2643 986 2699 invidiam
1032 2644 1363 2699 Villanueva
1405 2645 1785 2717 Societatique
1828 2643 2174 2702 adolescenti
2213 2645 2466 2705 conflare

434 2763 675 2810 conatus
700 2763 805 2820 est,
835 2754 1062 2810 homine
1093 2754 1434 2824 nequissimo
1474 2757 1544 2810 ad
1588 2756 1646 2810 id
1685 2757 1956 2824 adhibito,
1995 2759 2041 2812 F
2044 2756 2354 2814 erdinando
2389 2758 2468 2813 de

437 2868 692 2920 Barrasa.
724 2867 936 2920 Verum
963 2866 1184 2921 detecta
1208 2866 1449 2921 hominis
1475 2868 1690 2935 fraude,
1722 2867 2039 2923 simulantis
2072 2886 2134 2923 se
2166 2847 2238 2924 de
2264 2867 2459 2925 Socie-

439 2984 554 3030 tate
580 2993 723 3042 esse,
756 2975 1099 3046 splendidius
1126 2977 1300 3033 eluxit
1326 2978 1605 3034 sociorum
1637 2979 1818 3035 virtus
1854 2990 1910 3038 et
1944 2981 2121 3036 decus
2159 2981 2248 3054 (28
2279 2981 2431 3052 Aug.
2445 3022 2466 3048 „

438 3094 496 3141 et
516 3086 639 3156 ejus
659 3087 922 3156 append:
952 3088 1276 3143 «Sententia
1294 3089 1352 3142 in
1372 3107 1542 3145 causa
1562 3092 1606 3144 F
1610 3091 1903 3146 erdinandi
1919 3093 1990 3147 de
2009 3095 2305 3161 Barrasa»,
2326 3107 2471 3146 nec<

442 3214 557 3251 non
577 3196 739 3267 epist.
773 3210 802 3265 5
839 3198 1326 3267 Nov.).-Interea
1364 3201 1648 3272 Compluti
1681 3211 1738 3258 et
1774 3204 2203 3259 Guadalaxarae
2230 3203 2479 3263 Estrada

444 3307 811 3362 concionibus
855 3307 972 3362 suis
1018 3309 1369 3364 admirationi
1408 3321 1546 3379 erat,
1596 3312 1917 3384 civiumque
1950 3315 2167 3370 animos
2201 3312 2477 3373 Societatis

445 3416 780 3472 conciliabat
808 3419 892 3489 (31
926 3419 1160 3486 Octob.,
1194 3433 1222 3488 5
1260 3422 1449 3493 Nov.).

562 3527 1055 3598 Caesaraugustae
1081 3529 1298 3583 sodales
1325 3530 1486 3585 solita
1508 3533 1805 3589 Societatis
1824 3553 2060 3592 munera
2079 3535 2332 3602 obibant,
2357 3552 2478 3595 nono.

449 3637 674 3707 quidem
702 3637 823 3694 sine
850 3639 1055 3693 fructu.
1090 3640 1169 3694 At
1188 3658 1316 3694 cum
1343 3641 1411 3696 lis
1437 3643 1508 3696 de
1542 3645 1708 3700 domo
1743 3647 1950 3702 nostris
1978 3646 2338 3703 attribuenda
2363 3646 2481 3701 sub
