2658 4296
1067 249 1125 295 29
1157 238 1351 282 MAR'ru
1386 247 1499 294 1550
2213 244 2302 302 367

257 367 464 425 ciendo
489 365 898 422 consuluimus.
923 367 1122 435 Itaque
1148 363 1504 435 percepimus
1530 384 1564 419 a
1590 367 1881 421 nonnullis
1908 387 2013 424 nos
2033 389 2199 440 posse
2224 371 2307 426 ire

259 463 322 520 in
359 462 720 535 paucioribus
756 461 961 518 diebus
1000 462 1303 516 Anconam
1343 477 1513 529 quam
1554 462 1851 528 Pesarum,
1894 466 2209 538 meliusque
2246 475 2305 524 et

262 558 619 616 commodius
652 577 819 630 posse
850 555 1094 612 inueniri
1122 556 1349 611 barcam
1388 555 1447 609 in
1486 557 1728 610 Ancona
1766 576 1932 628 quam
1972 560 2030 615 in
2071 565 2299 618 Pesaro:

265 656 420 727 q'uod
458 673 589 710 cum
627 653 1043 711 intellexissent
1090 654 1324 720 fratres,
1361 651 1642 723 virginem
1687 654 1898 708 Christi
1939 659 2175 713 Matrem
2213 658 2304 712 in-

263 751 451 808 uisere
484 752 844 823 expetebant.
879 749 1261 809 Considerans
1299 766 1412 819 ego
1452 765 1648 802 eorum
1689 749 2013 819 petitionem
2056 754 2174 809 fore
2205 755 2302 823 ju-

260 857 408 904 stam
435 846 593 919 (inito
619 847 768 901 inter
791 864 897 900 nos
921 845 1196 915 consilio),
1219 844 1327 900 iter
1352 862 1554 900 versus
1574 846 1862 899 Lorettam
1885 847 2070 903 facere
2090 849 2303 906 delibe-

258 943 536 1000 rauimus:
572 961 818 1013 cumque
850 961 919 998 eo
953 941 1412 1013 peruenissemus
1448 941 1617 1013 (facta
1650 940 1828 1011 primo
1864 943 2200 1000 salutatione
2235 948 2306 1000 ad

261 1039 600 1111 Virginem),
630 1039 996 1095 aduertentes
1021 1055 1127 1092 nos
1154 1055 1382 1107 quoque
1408 1054 1535 1092 esse
1560 1036 1893 1107 peregrinos
1921 1047 1978 1093 et
2004 1057 2300 1110 paupereS,

258 1135 541 1207 hospitale
567 1133 910 1190 accessimus
937 1151 1003 1188 ac
1030 1132 1238 1188 ibidem
1265 1131 1746 1203 pernoctauimus;
1777 1134 1878 1188 sed
1896 1133 2006 1188 dici
2033 1154 2150 1189 non
2176 1146 2304 1207 pot-

261 1241 353 1288 est
379 1232 605 1304 quantis
631 1229 859 1302 gaudiis
885 1230 1150 1300 perfusus
1182 1248 1330 1295 sum,
1362 1247 1494 1283 cum
1520 1228 1771 1286 viderem
1798 1228 2006 1283 ibidem
2035 1239 2117 1285 tot
2143 1250 2300 1302 pere—

267 1328 465 1400 grinos
491 1329 563 1383 de
587 1325 758 1382 variis
783 1324 1111 1380 nationibus
1136 1334 1519 1397 congregatos
1544 1324 1603 1377 in
1638 1324 1850 1379 Christi
1886 1325 2140 1395 nomine,
2171 1345 2311 1381 con—

265 1424 523 1480 siderans
548 1420 863 1494 praesentis
889 1420 1067 1477 seculi
1092 1420 1629 1492 peregrinationem,
1654 1429 1758 1478 etc.
1784 1423 1952 1476 Mane
1972 1431 2182 1490 autem,
2206 1442 2310 1478 au-

262 1520 386 1574 dito
411 1537 573 1574 sacro
599 1528 658 1574 et
683 1517 846 1572 finito
871 1516 1080 1590 officio,
1113 1535 1243 1571 cum
1270 1516 1576 1573 discessuri
1602 1535 1879 1583 essemUS,
1908 1528 2312 1588 percunctatus

262 1625 355 1671 est
380 1615 610 1686 quidam
645 1615 707 1671 S.
740 1616 801 1670 M
834 1616 869 1667 ¹.
908 1612 1221 1668 canonicus
1254 1612 1550 1668 cuiusnam
1578 1612 1792 1667 ordinis
1817 1616 2095 1668 essemus?
2114 1623 2172 1669 at
2204 1633 2308 1670 nos

263 1712 748 1783 respondebamus
773 1728 900 1765 esse
925 1710 997 1765 de
1029 1710 1084 1763 la
1117 1708 1473 1780 Compagnia
1506 1709 1579 1765 de
1605 1711 1785 1781 Jhesu
1819 1710 1890 1764 de
1927 1712 2122 1765 Roma:
2157 1712 2309 1780 quod

261 1827 397 1863 cum
421 1806 679 1872 sentiret,
710 1805 838 1860 ilico
864 1804 1128 1860 inuitavit
1155 1823 1260 1859 nos
1286 1806 1358 1859 ad
1385 1804 1683 1876 prandium
1699 1847 1711 1870 ,
1743 1813 1801 1858 et
1827 1807 1898 1860 ad
1924 1806 2304 1874 refectorium,

261 1905 360 1959 vbi
386 1921 584 1959 omnes
609 1901 894 1969 canonici,
925 1910 1025 1957 aut
1050 1902 1251 1956 saltem
1276 1901 1522 1956 maxima
1545 1920 1678 1972 pars
1704 1902 1776 1956 de
1803 1903 2036 1957 Loretto
2051 1945 2063 1968 ,
2095 1921 2309 1959 conue-

261 2001 431 2056 niunt
455 2009 514 2054 et
539 1999 867 2065 comedunt,
898 1997 1190 2064 conduxit,
1222 2017 1256 2052 a
1283 1997 1490 2068 quibus
1516 2016 1634 2052 non
1661 2016 1860 2068 parum
1893 1998 2172 2053 aedificati
2207 2017 2305 2053 su-

263 2116 412 2163 muS,
444 2095 869 2152 considerantes
896 2113 1091 2151 eorum
1118 2094 1503 2160 sobrietatem,
1535 2102 1656 2148 tum
1683 2094 1852 2148 etiam
1890 2113 2109 2148 morum
2137 2104 2195 2149 et
2219 2095 2308 2148 vi—

265 2204 361 2250 tae
386 2197 763 2260 honestatem,
794 2200 853 2248 et
879 2193 1032 2261 quod
1058 2208 1229 2262 super
1255 2190 1445 2246 omnia
1462 2191 1745 2245 laudabile
1765 2199 1851 2244 est
1877 2190 1936 2244 in
1964 2191 2174 2245 Christi
2195 2193 2311 2246 fra-

268 2291 471 2357 tribus,
502 2289 762 2345 videntes
789 2287 1143 2358 charitatem,
1174 2306 1343 2357 quam
1371 2296 1491 2342 tum
1517 2306 1657 2359 erga
1682 2306 1807 2353 nOS,
1840 2296 1959 2340 tum
1988 2305 2126 2358 erga
2154 2297 2311 2344 cete—

265 2405 360 2442 ros
385 2404 664 2458 pauperes
690 2385 985 2456 gerebant.
1019 2386 1321 2455 Rogabant
1346 2384 1580 2455 insuper
1606 2383 1874 2455 quidnam
1902 2393 2099 2454 ageret
2126 2386 2304 2439 Rdus.

266 2484 327 2539 in
352 2486 502 2555 Xp0.
535 2485 603 2537 P.
634 2481 911 2553 IgnatiuS,
942 2479 1081 2550 quid
1109 2483 1280 2536 Pater
1306 2481 1425 2535 don
1449 2480 1638 2552 Diego
1665 2481 1707 2545 ²,
1731 2480 1942 2549 quidue
1969 2479 2062 2533 alii
2085 2483 2303 2547 PatreS,

265 2598 513 2651 quorum
539 2578 770 2634 nemina
801 2596 904 2649 pro
937 2558 1191 2648 ternpore
1225 2577 1398 2632 michi
1431 2595 1548 2632 non
1581 2585 1908 2642 occurrunt,
1946 2577 2310 2632 ostendentes

267 2679 394 2734 sese
420 2695 546 2733 esse
571 2673 1015 2729 studiosissimos
1043 2682 1269 2728 nostrae
1290 2673 1592 2730 Societatis
1612 2673 1841 2728 amicos,
1869 2672 2146 2726 Petebant
2167 2690 2311 2741 quo-

266 2792 382 2845 que
408 2792 546 2828 num
581 2773 770 2843 aliquo
804 2770 1211 2842 indigeremus3
1255 2770 1728 2842 respondentibus
1762 2769 1928 2824 nobis
1961 2768 2133 2823 nichil
2169 2786 2312 2839 opus

201 2871 204 2874 ’
269 2872 482 2926 habere
509 2889 680 2940 quam
707 2868 892 2940 gratia
917 2867 1044 2923 Dei.

384 2968 598 3022 Eodem
625 2966 796 3022 etiam
823 2964 915 3020 die
940 2965 1121 3018 multa
1146 2964 1399 3035 perpessi
1426 2982 1624 3018 sumus
1648 2972 1850 3019 euntes
1883 2981 2083 3018 versus
2115 2963 2311 3016 Anco-

270 3068 423 3130 nam,
461 3082 684 3134 semper
716 3062 1127 3117 descendentes
1154 3069 1212 3117 et
1239 3061 1612 3117 ascendentes
1639 3061 1815 3115 colles
1848 3077 1947 3129 per
1973 3059 2099 3112 loca
2132 3056 2310 3111 lubri-

268 3179 406 3216 cosa
431 3169 488 3217 et
513 3161 719 3226 lutosa,
749 3177 965 3230 perque
990 3159 1228 3229 paludes
1254 3175 1435 3228 vsque
1461 3156 1521 3210 in
1554 3156 1789 3210 multam
1823 3163 2074 3221 noctem,
2112 3162 2169 3207 et
2201 3154 2311 3206 hoc

269 3256 405 3327 quia
423 3275 539 3311 non
560 3265 680 3312 erat
700 3254 1097 3323 diuersorium,
1129 3272 1243 3324 quo
1268 3252 1650 3324 potuissemus
1677 3270 1780 3306 nos
1807 3252 2082 3316 conferre;
2113 3248 2168 3302 in
2197 3265 2310 3317 quo

269 3353 475 3413 itinere
508 3351 801 3409 Laurentii
836 3354 855 3380 ²⁵
890 3350 1220 3423 patientiam
1254 3351 1431 3421 probe
1463 3357 1730 3420 expertus
1765 3367 1916 3413 sum,
1954 3346 2124 3401 flebat
2157 3342 2309 3399 enim

365 3613 378 3639 ¹
442 3609 653 3655 Sanctae
672 3608 855 3654 Mariae
876 3606 951 3664 (ἲ).

360 3688 380 3713 2
443 3684 658 3729 Didacus
678 3683 741 3729 de
761 3684 934 3741 Eguia.

363 3761 383 3786 ³
445 3758 696 3805 Laurentii
717 3756 974 3803 Busnardi.
