2658 4296
334 264 423 312 550
1016 256 1306 299 Elusa-omn
1336 232 1694 302 Mix‘rAE-372

447 381 523 435 Di
560 382 605 435 F
609 400 797 437 errara
837 381 876 435 il
910 380 968 436 di
1006 381 1186 452 primo
1230 375 1463 449 Maggio
1500 390 1660 429 MDLI.
1700 372 1778 427 Al
1811 369 2048 426 seruitio
2093 368 2150 423 di
2185 370 2256 425 V.
2298 371 2373 424 R.

854 479 1143 533 ALFONso
1183 478 1524 537 ROSSETTO,
1550 470 1723 524 eletto
1750 467 1808 521 di
1835 464 2144 522 Comaclio.

450 573 773 645 Inscriptio:
800 575 877 629 Al
902 574 1077 628 molto
1113 573 1259 627 Rdo.
1300 569 1485 625 Padre
1516 569 1590 621 D.
1629 563 1855 636 Ignatio
1890 564 1962 619 de
1997 561 2211 630 Laiola,
2241 579 2377 632 pre—

337 678 505 739 posto
533 669 663 744 [dei]
688 670 967 724 sacerdoti
994 670 1141 724 della
1167 662 1519 736 Compagnia
1544 659 1621 734 [di
1640 660 1801 735 Jesu]
1829 662 2025 714 Roma.

1271 914 1421 966 33⁷2

1045 1035 1352 1082 ANGELUS
1384 1030 1680 1080 SURIANO

812 1152 1044 1206 PATRI
1082 1148 1409 1205 IGNATIO
1449 1147 1553 1201 DE
1591 1144 1917 1200 LOYOLA

1025 1285 1266 1323 VENETns
1297 1272 1354 1318 23
1384 1283 1500 1327 MAJI
1534 1282 1645 1329 1551
1673 1274 1705 1316 ¹.

349 1389 544 1436 Gaudio
560 1388 806 1449 perfusuS,
822 1388 1004 1447 gratias
1021 1387 1211 1446 Ignatio
1227 1386 1329 1445 agit
1346 1385 1407 1430 de
1425 1399 1513 1429 sua
1529 1383 1580 1429 in
1598 1383 1899 1430 Societatem
1917 1383 2039 1441 Jesu
2055 1380 2390 1441 cooptatione.

434 1465 578 1509 ·—Ad
599 1464 737 1510 illum
757 1463 891 1509 adire
912 1463 1095 1522 cogitat
1115 1461 1280 1507 statim
1309 1475 1365 1506 ac
1393 1459 1594 1518 negotia
1621 1458 1892 1504 domestica
1918 1457 2165 1517 expediat:
2198 1456 2406 1503 interea'

439 1553 557 1584 vero
579 1554 632 1584 se
655 1554 717 1583 ex
731 1538 899 1583 animo
921 1538 1052 1583 Patri
1073 1536 1253 1596 optimo
1273 1534 1550 1583 committit.

1350 1633 1388 1707 †

463 1736 545 1789 La
578 1733 761 1805 gratia
794 1742 852 1789 et
885 1751 1024 1804 pace
1057 1732 1113 1787 di
1145 1731 1255 1787 Dio
1290 1730 1487 1802 signor
1521 1738 1717 1784 nostro
1758 1748 1951 1786 cresca
1986 1745 2208 1800 sempre
2241 1728 2394 1783 nelle

351 1829 546 1886 anime
565 1838 774 1884 nostre.
813 1831 1017 1884 Amen.

463 1927 640 1982 Molto
675 1927 818 1980 Rdo.
854 1927 1052 1981 Padre.
1092 1928 1186 1981 Me
1220 1927 1282 1980 fu
1316 1924 1373 1979 di
1407 1925 1583 1980 molta
1615 1922 2002 1979 consolatione
2026 1923 2083 1977 la
2115 1939 2395 1993 speranza.

353 2025 460 2079 che
486 2022 620 2078 nelli
646 2022 905 2093 prossimi
931 2022 1113 2093 giomi
1138 2022 1308 2077 hebbi
1329 2023 1422 2076 dal
1442 2025 1510 2076 P.
1541 2023 1615 2076 D.
1649 2022 1883 2076 Andrea
1909 2020 1952 2086 ²,
1983 2019 2040 2073 di
2066 2018 2228 2075 venir
2247 2019 2310 2089 jo
2337 2019 2392 2073 al

356 2128 618 2190 presente
662 2137 696 2173 a
729 2120 813 2173 far
858 2119 1160 2173 riuerentia
1205 2120 1312 2173 alla
1349 2121 1414 2173 P.
1454 2120 1525 2173 V.
1566 2121 1634 2173 R.
1676 2120 1813 2184 Pur,
1863 2118 2114 2188 parendo
2157 2114 2311 2187 dipoi
2357 2133 2390 2168 3

357 2233 461 2269 sua
488 2215 611 2269 Ρ.ῒὲ
646 2233 800 2270 esser
826 2215 1033 2286 meglio
1060 2215 1098 2268 il
1123 2215 1333 2271 differir
1358 2217 1412 2270 13
1437 2224 1652 2271 venuta
1677 2214 1789 2269 mia
1821 2233 1921 2285 per
1955 2212 2054 2284 piu
2087 2211 2328 2284 rispetti,
2351 2211 2393 2265 li

272 2306 274 2309 ’
357 2316 433 2367 ha
458 2312 738 2383 piacciuto
764 2315 854 2366 ch’
892 2311 946 2366 io
980 2313 1199 2366 almeno
1237 2312 1329 2366 dia
1365 2313 1606 2382 qualche
1639 2312 1800 2366 auiso
1834 2311 1892 2365 di
1917 2330 2008 2367 me
2036 2329 2068 2365 a
2103 2311 2175 2365 V.
2211 2312 2304 2377 P.,
2335 2317 2394 2363 et

361 2417 574 2479 quanto
600 2409 654 2462 al
678 2407 967 2479 spirituale
994 2418 1049 2464 et
1076 2427 1280 2463 ancora
1306 2417 1518 2478 quanto
1539 2410 1591 2463 al
1618 2409 1944 2479 temporale.

473 2506 704 2575 Quanto
732 2505 785 2558 al
810 2504 1012 2575 primo,
1051 2504 1177 2559 dico
1211 2507 1319 2560 alla
1354 2509 1420 2560 P.
1461 2508 1533 2561 V.
1565 2507 1658 2560 ch’
1687 2506 1742 2560 io
1778 2504 2053 2577 ringratio
2079 2506 2133 2559 la
2169 2503 2305 2560 Μ.ῒὲ
2338 2504 2398 2558 di

361 2601 493 2668 Dio,
524 2601 744 2655 almeno
772 2609 982 2670 quanto
1010 2620 1072 2656 so
1106 2611 1163 2658 et
1189 2621 1378 2673 possm
1410 2621 1590 2657 senon
1624 2611 1838 2673 quanto
1873 2601 2061 2657 uorrei
2093 2611 2151 2656 et
2176 2601 2394 2668 deurei‚

363 2697 422 2751 di
447 2715 525 2751 vn
552 2705 710 2751 tanto
737 2697 886 2751 dono
907 2698 1124 2752 fattomi
1151 2700 1221 2754 de
1248 2718 1352 2754 sua
1371 2702 1430 2755 M
1438 2698 1508 2754 ‚ta
1540 2699 1600 2753 in
1626 2699 1953 2754 chiamarmi
1981 2718 2014 2755 e
2039 2698 2399 2754 concedermi

367 2812 444 2848 un
469 2792 590 2848 cosi
618 2792 871 2864 benigno
900 2803 1117 2849 accetto
1150 2794 1208 2848 in
1236 2796 1435 2865 questa
1469 2795 1842 2867 Compagnia,
1873 2804 1930 2851 et
1956 2795 2193 2851 insieme
2218 2813 2405 2867 prego
2479 2834 2489 2844 .

366 2907 475 2945 con
500 2889 634 2944 filial
659 2890 926 2944 baldezza
943 2890 998 2943 la
1019 2893 1085 2945 P.
1111 2892 1182 2946 V.
1209 2894 1314 2946 che
1334 2893 1442 2948 ella
1462 2891 1640 2963 uogli,
1665 2909 1773 2946 con
1798 2893 1931 2963 quel
1948 2900 2184 2963 paterno
2205 2893 2406 2948 affetto

367 3004 476 3041 con
509 2988 617 3042 che
660 2987 713 3039 la
759 2985 807 3040 si
851 2989 925 3040 ha
968 2989 1214 3058 degnato
1260 2988 1317 3041 di
1362 2988 1684 3044 accettarmi
1728 2989 1789 3043 in
1833 3007 1965 3056 SUO,
2016 2988 2401 3045 conseruarmi

369 3082 635 3139 etiamdio
661 3091 718 3137 et
744 3083 1107 3138 accrescermi
1134 3085 1282 3138 nella
1303 3084 1485 3155 gratia
1505 3104 1627 3151 sua,
1658 3104 1774 3139 non
1808 3086 2143 3156 guardando
2177 3086 2286 3140 alla
2311 3084 2401 3138 in—

370 3178 590 3250 dignita
617 3177 747 3245 mia3
778 3180 885 3232 che
911 3186 1067 3232 tanto
1088 3180 1252 3248 sapro
1272 3180 1328 3233 di
1350 3198 1503 3236 esser
1523 3180 1582 3234 in
1602 3181 1786 3251 gratia
1807 3181 1864 3235 di
1883 3181 2015 3249 Dio,
2041 3191 2254 3251 quanto
2275 3183 2407 3235 saro.

370 3274 430 3341 in
458 3274 641 3346 gratia
674 3273 731 3328 di
767 3275 838 3329 V.
892 3276 982 3339 P.,
1014 3275 1068 3329 13
1102 3276 1286 3343 quale,
1329 3277 1494 3346 dapoi
1528 3278 1567 3330 il
1594 3296 1816 3333 summo
1843 3278 2130 3350 pontifice,
2162 3279 2194 3332 e
2219 3277 2259 3330 il
2293 3276 2411 3331 mio

373 3370 571 3443 signor
596 3370 655 3424 in
684 3379 849 3426 terra.

470 3554 483 3578 ¹
547 3551 619 3594 Ex
642 3550 941 3608 autographo
963 3548 1012 3593 in
1035 3552 1132 3594 vol.
1159 3550 1216 3607 C,
1235 3550 1377 3595 unico
1399 3552 1532 3610 folio,
1551 3569 1599 3597 n.
1625 3552 1725 3611 132,
1749 3554 1883 3613 prius
1901 3555 2202 3600 262.-—Usus
2226 3560 2302 3598 est
2318 3554 2413 3598 hac

376 3624 582 3683 epistola
603 3625 897 3682 POLANCUS‚
920 3631 955 3669 t.
980 3636 1033 3682 11,
1056 3639 1166 3683 pag.
1192 3637 1296 3684 209,
1319 3642 1368 3670 n.
1387 3626 1462 3683 93,
1486 3627 1571 3672 ubi
1592 3629 1804 3687 explicat
1825 3629 1934 3688 quis
1957 3630 2021 3674 sit
2037 3628 2216 3674 nobilis
2237 3628 2315 3673 hic
2333 3628 2412 3686 ju-

372 3700 517 3744 venis
540 3700 760 3756 Angelus
783 3698 1033 3751 Surianus‚
1057 3705 1245 3757 septem
1269 3708 1318 3745 et
1340 3700 1516 3758 viginti
1537 3716 1689 3747 annos
1712 3710 1869 3748 natus.

465 3778 482 3801 2
545 3775 600 3818 P.
628 3773 848 3818 Andreas
871 3774 1089 3819 Frusius.
1143 3806 1145 3808 .
