2618 4152
237 189 239 191 ·
298 179 382 213 120
959 162 1257 206 EPISTOLAE
1290 155 1665 201 MIXTAE-216

291 313 357 365 sy
383 311 484 364 por
509 298 631 346 esta
657 288 909 343 clausula
936 304 1010 341 no
1039 287 1224 350 fuera,
1256 300 1348 337 me
1375 289 1661 352 prostrara
1686 284 1720 334 a
1745 280 1831 334 105
1858 278 1979 349 pies
2007 279 2080 335 de
2106 287 2347 334 nuestro

293 389 491 453 Padre‚
523 405 561 456 y
586 386 640 438 10
667 383 867 438 mismo
895 400 1007 453 ago
1034 398 1227 451 agora,
1267 396 1403 449 para
1436 394 1548 445 que
1583 393 1655 430 en
1682 376 1738 429 10
1776 374 1971 431 fatible
2007 375 2067 431 S.
2109 376 2175 429 P.
2217 393 2340 443 vse,

292 502 454 539 como
480 481 656 545 suele,
689 479 760 532 de
794 475 1176 532 misericordia
1210 476 1245 528 ¹.
1289 474 1344 528 A
1379 473 1528 542 pyde
1566 489 1678 542 que
1711 472 1766 527 le
1801 489 2032 541 ayamos
2065 471 2121 525 la
2154 488 2343 526 11650-

291 577 480 648 lucion
505 576 576 630 de
602 581 835 630 nuestro
863 573 1068 639 padre,
1099 590 1137 640 y
1164 587 1274 639 que
1302 587 1374 624 en
1401 568 1455 622 el
1480 567 1706 622 interim
1741 586 1804 623 se
1836 567 2069 623 volvera
2096 572 2130 621 a
2155 567 2344 620 donde

294 674 450 729 511616
475 679 625 726 65131
652 670 693 737 ²3
724 688 762 739 y
789 687 855 738 sy
881 669 935 723 16
961 666 1271 721 mandaren
1299 664 1547 734 todavya
1573 682 1640 734 yr
1666 668 1700 718 a
1726 665 1925 730 Roma,
1963 668 2066 733 yra
2095 682 2168 719 en
2198 663 2344 733 Sep-

295 769 549 823 tiembre.
581 768 662 821 La
688 762 1037 832 rresolucion
1065 763 1227 815 desto
1254 777 1386 815 creo
1413 777 1476 814 se
1503 767 1796 830 acertarya
1821 757 1910 834 [si]
1935 758 2151 814 viniese
2179 760 2234 813 al
2252 777 2346 814 se-

299 873 404 919 nor
422 864 632 932 duque,
657 869 797 931 pues
825 861 879 914 A
908 858 1058 913 tiene
1083 858 1292 911 mucha
1313 856 1609 926 confianca
1635 873 1710 910 en
1729 873 1799 910 su
1819 853 2181 925 intercesic'm.
2209 856 2352 909 Esto

300 960 486 1026 dicho,
515 958 588 1013 de
613 958 669 1010 10
696 974 807 1026 que
827 962 1060 1009 nuestro
1085 952 1267 1007 Padre
1288 951 1584 1018 ordenare,
1610 952 1862 1022 quedara
1880 950 1958 1004 mi
1979 951 2125 1006 alma
2146 968 2355 1005 conso-—

302 1055 448 1121 lada,
479 1053 702 1125 aquello
731 1050 997 1108 teniendo
1025 1067 1131 1120 por
1158 1047 1474 1103 verdadero
1500 1067 1538 1119 y
1564 1065 1668 1119 por
1694 1048 1750 1102 10
1775 1047 1971 1118 mejor.

1251 1320 1402 1372 218

910 1447 1271 1493 ANDREAS
1314 1449 1410 1492 DE
1454 1446 1750 1495 OVIEDO

776 1567 1011 1622 PATRI
1049 1568 1379 1623 IGNATIO
1419 1569 1524 1622 DE
1563 1567 1891 1623 LOYOLA

977 1695 1181 1730 GANmA
1218 1696 1272 1730 10
1302 1696 1487 1731 MARTn
1522 1695 1636 1744 1549
1657 1687 1695 1732 ³.

308 1804 469 1849 Dubia
497 1802 736 1862 quaedam
772 1802 1022 1862 proponit:
1055 1817 1117 1846 an
1146 1802 1337 1860 egressi
1368 1817 1396 1847 e
1427 1802 1693 1859 Societate,
1724 1801 1886 1847 denuo
1915 1802 1967 1846 in
1995 1800 2152 1861 ipsam
2174 1799 2367 1859 possint

396 1876 565 1936 recipi:
592 1883 754 1922 utrum
784 1876 1142 1936 prohibendum
1165 1876 1230 1922 sit
1251 1891 1314 1922 ne
1343 1877 1452 1936 quis
1483 1876 1535 1921 in
1564 1876 1901 1936 spiritualibus
1923 1875 2174 1921 exercitiis
2196 1880 2366 1919 votum

398 1951 639 1997 ineundae
663 1951 924 1997 Societatis
948 1952 1164 1997 emittat:
1190 1958 1373 2012 quanto
1397 1958 1620 2011 tempore
1642 1952 1693 1996 in
1715 1951 1892 1997 studiis
1914 1949 2126 1996 detineri
2148 1949 2365 1995 debeant

397 2025 692 2082 scholastici,
709 2026 992 2086 priusquam
1009 2027 1138 2072 votis
1156 2026 1544 2084 obstringantur:
1564 2041 1626 2070 an
1642 2026 1786 2071 bonis
1803 2041 1860 2071 se
1877 2024 2149 2071 abdicaturi
2166 2025 2265 2070 sint
2280 2023 2366 2083 qui

400 2101 450 2145 in
472 2100 747 2159 adjutorum
768 2101 1165 2160 professorumve
1187 2116 1446 2146 numerum
1475 2101 1655 2146 adlecti
1676 2115 1774 2146 non
1795 2100 2238 2147 fuerint.—Utrum
2259 2113 2367 2143 mos

398 2174 594 2234 publice
616 2175 910 2219 verberandi
932 2190 986 2220 se
1009 2174 1131 2220 feria
1153 2182 1312 2232 sexta,
1336 2190 1364 2220 a
1385 2175 1532 2220 sociis
1563 2175 1812 2232 inductus,
1838 2174 2030 2234 Ignatio
2052 2176 2364 2234 probetur.—

403 2249 514 2307 Qua
534 2248 639 2307 ipse
663 2248 885 2293 Andreas
909 2255 960 2294 et
982 2248 1139 2293 Mir6n
1161 2255 1404 2308 potestate
1435 2249 1486 2293 in
1515 2248 1825 2294 remittendis
1848 2248 2064 2308 peccatis
2086 2248 2295 2308 aliisque
2316 2246 2368 2291 in

397 2322 544 2366 rebus
563 2321 973 2379 gaudeant.—-An
995 2323 1257 2381 collegium
1277 2322 1550 2381 gandiense
1572 2322 1788 2368 retinere
1811 2323 1908 2368 sibi
1929 2323 2085 2382 possit
2107 2323 2368 2379 minerval,

397 2395 527 2455 quod
548 2396 650 2440 ludi
672 2397 905 2454 magistro
927 2397 1143 2456 pendere
1166 2398 1304 2442 cives
1327 2399 1742 2443 consuescebant.

1330 2494 1367 2568 †

1275 2571 1395 2643 jhs.

428 2686 568 2755 Muy
595 2686 736 2740 Rdo.
773 2687 958 2743 Padre
984 2696 1240 2743 01165110.

424 2781 507 2836 La
534 2781 727 2852 gracia
753 2801 790 2852 y
811 2801 968 2837 amor
994 2784 1066 2838 de
1094 2786 1206 2849 X.Q
1238 2792 1473 2840 nuestro
1501 2792 1671 2841 senor
1699 2803 1796 2840 sea
1822 2784 2067 2856 siempre
2094 2802 2167 2839 en
2194 2802 2374 2839 nues-

316 2884 433 2931 tras
460 2878 655 2933 almas.
1955 2896 1958 2898 ’

426 2975 515 3029 De
543 2974 783 3044 algunas
810 2993 976 3030 cosas
1012 2994 1123 3046 que
1158 2985 1392 3033 nuestro
1427 2978 1572 3033 Rdo.
1614 2979 1800 3034 Padre
1834 2976 2151 3049 prouincial
2178 2995 2270 3033 me
2296 2979 2374 3031 ha

318 3070 600 3123 mandado
621 3071 867 3126 escrevir
893 3077 927 3125 a
954 3074 1025 3126 V.
1061 3074 1127 3127 P.
1142 3116 1155 3141 ,
1179 3074 1349 3130 desea
1368 3075 1535 3130 saber
1555 3075 1609 3128 la
1628 3073 2075 3144 determinacion
2095 3075 2166 3129 de
2194 3075 2267 3129 V.
2301 3075 2370 3128 P.

433 3164 905 3233 Primeramente,
946 3171 1058 3236 que
1093 3169 1270 3225 orden
1305 3187 1367 3226 se
1400 3172 1475 3225 ha
1510 3172 1583 3227 de
1619 3179 1781 3227 tener
1808 3188 1917 3225 con
1944 3171 2029 3225 105
2065 3188 2178 3240 que
2212 3170 2286 3226 de
2319 3171 2376 3224 13

412 3366 427 3392 ¹
490 3364 671 3410 Confer
693 3380 751 3409 ea
771 3381 895 3424 quae
917 3367 1129 3413 diximus
1159 3383 1322 3428 supra,
1356 3376 1396 3414 t.
1435 3382 1470 3429 Ι,
1493 3386 1610 3430 pag.
1642 3382 1748 3430 550,
1773 3378 1943 3418 annot.
1979 3384 2020 3418 1:
2046 3372 2235 3417 exitum
2259 3386 2379 3416 vero

319 3437 465 3496 hujus
489 3438 692 3496 negotii.
717 3439 779 3483 de
801 3454 896 3498 quo
918 3455 1065 3500 saepe
1086 3443 1331 3500 agendum
1359 3444 1469 3498 erit,
1494 3446 1710 3505 explicat
1738 3447 1800 3492 ad
1829 3462 2011 3493 annum
2037 3447 2151 3504 1556
2172 3447 2381 3493 POLAN-

324 3521 416 3570 00,
440 3517 479 3556 t.
510 3522 721 3571 v1‚pag.
755 3512 859 3572 537,
883 3529 938 3559 n.
968 3514 1106 3572 2324.

415 3589 433 3614 ²
496 3585 939 3645 Caesaraugustam
960 3589 1107 3648 Rojas
1129 3592 1391 3637 remeavit.
1421 3592 1548 3638 Vide
1571 3594 1720 3653 epist.
1753 3605 1861 3640 212.
1902 3591 1907 3597 ’

414 3662 433 3687 ³
494 3661 568 3705 Ex
590 3663 890 3722 autographo
914 3662 964 3709 in
987 3665 1084 3709 vol.
1109 3666 1167 3724 B,
1191 3665 1336 3711 unico
1358 3665 1494 3726 folio,
1519 3682 1567 3713 n.
1597 3678 1698 3727 111,
1722 3670 1857 3728 prius
1885 3668 1985 3715 130.
