2658 4296
376 216 465 262 544
1054 181 1351 249 EPISTOLAE
1383 199 1740 258 Munus—369

371 334 482 386 hoc
508 330 659 387 enim
686 330 793 402 ipsi
819 330 1085 402 expedire
1118 329 1436 386 videbatur.
1474 328 1621 381 Cum
1658 316 1863 383 autem
1883 325 2153 382 exivisset
2185 328 2417 382 domum

371 435 643 492 nostram,
674 426 919 481 Domino
944 426 1027 481 sic
1054 445 1185 482 eum
1219 424 1519 494 dirigente,
1557 421 1791 476 intravit
1824 422 2096 492 templum
2131 418 2416 493 quoddam

372 514 671 577 cuiusdam
689 503 1015 578 monasterii
1040 521 1385 586 monialium,
1417 519 1719 574 intendens
1745 518 2040 573 dumtaxat
2064 515 2259 591 legere
2283 538 2415 575 ora-

374 618 583 674 tionem
610 617 969 686 dominicam3
1000 619 1101 673 sed
1126 618 1261 670 dum
1288 615 1366 669 ibi
1401 623 1570 680 esset,
1602 622 1759 668 tanta
1791 615 2025 669 suborta
2059 606 2152 670 est
2179 615 2233 670 ei
2267 624 2413 671 tem-

372 722 563 785 pestas
584 713 981 779 tentationum,
1015 722 1078 766 ut
1105 714 1269 783 plene
1298 711 1356 764 in
1384 719 1589 766 terram
1623 718 1961 780 prostratus,
1992 712 2255 782 expansis
2280 714 2414 767 bra—

372 801 536 877 chiis,
568 808 732 865 valde
757 809 1030 880 inceperit
1056 826 1234 874 orare,
1267 808 1503 872 ululare,
1533 799 1869 876 lachrymari
1895 798 2308 879 vociferarique
2342 810 2415 863 ad

372 905 662 961 dominum
690 908 898 972 Deum,
931 905 1091 974 quasi
1117 922 1231 958 non
1259 904 1457 958 fuisset
1483 920 1713 972 compos
1740 902 1963 957 mentis.
1988 895 2265 958 'Accurrit
2290 924 2414 960 mo—

371 1001 535 1056 nialis
564 1021 696 1067 una,
737 1001 959 1057 dicens:
1000 1000 1125 1066 Fili,
1166 1018 1267 1054 cur
1301 1008 1413 1052 tam
1448 999 1614 1054 valde
1641 999 2035 1068 lachrymaris?
2068 1001 2273 1056 Nonne
2309 1001 2417 1074 (in—

373 1097 496 1168 quit
522 1097 632 1168 ille)
678 1098 898 1153 fierem?
923 1099 1050 1169 Jam
1089 1115 1123 1150 a
1147 1095 1338 1149 multis
1384 1094 1584 1148 diebus
1631 1096 1738 1148 sub
1766 1103 1927 1165 patre
1963 1114 2092 1151 meo
2137 1096 2417 1168 spirituali

370 1178 524 1262 totus
554 1194 634 1250 fui
661 1194 719 1248 in
747 1193 912 1248 bonis
958 1192 1264 1249 exercitiis:
1290 1193 1406 1262 jam
1440 1209 1577 1245 vero
1611 1191 1873 1246 diabolus
1906 1194 2031 1247 vult
2062 1212 2155 1250 me
2190 1197 2417 1251 trahere

371 1292 443 1346 ad
489 1291 694 1361 aliqua.
746 1289 1041 1355 Moniales,
1090 1289 1347 1343 videntes
1392 1287 1768 1341 miserabilem
1812 1287 1936 1343 eius
1986 1289 2411 1361 dispositionem

370 1388 704 1461 (secundum
730 1385 978 1457 ipsarum
1007 1383 1518 1455 existimationem),
1549 1370 1878 1440 clauserunt
1905 1386 2200 1456 templum,
2228 1405 2299 1441 ne
2319 1388 2413 1442 vel

369 1484 490 1555 ipse
517 1482 715 1548 exiret,
742 1483 838 1558 ⁴vel
865 1476 1116 1537 extranei
1150 1480 1443 1545 intrarent,
1475 1488 1531 1534 et
1567 1490 1911 1550 paraverunt
1946 1481 1999 1537 ei
2031 1484 2238 1537 bonam
2267 1483 2407 1538 deli-

370 1588 668 1649 catamque
694 1577 1179 1643 sorbitiunculam,
1211 1585 1268 1632 et
1287 1575 1502 1632 interea
1527 1576 1805 1632 miserunt
1833 1579 1904 1633 ad
1930 1598 2059 1646 nos,
2090 1579 2138 1633 si
2166 1581 2313 1636 forte
2339 1599 2412 1635 ex

370 1675 584 1748 nostris
611 1683 780 1746 esset.
814 1675 939 1744 Ego
965 1691 1066 1744 per
1085 1674 1424 1727 confratrem
1445 1682 1703 1727 nostrum
1724 1675 2044 1729 Arnoldum
2070 1678 2083 1702 ¹
2106 1676 2253 1746 jussi
2280 1695 2412 1731 eum

369 1771 503 1826 duci
529 1772 601 1825 ad
628 1771 929 1841 quamdam
950 1771 1181 1840 probam
1209 1769 1491 1824 familiam.
1528 1771 1675 1825 Cum
1702 1790 1794 1827 me
1820 1771 1898 1824 ibi
1925 1772 2162 1839 videret,
2201 1774 2410 1844 coepit,

366 1867 602 1924 elevatis
622 1855 823 1932 oculis,
855 1867 968 1920 alta
1001 1884 1160 1932 voce,
1190 1866 1492 1936 lachrymis
1520 1867 1774 1938 undique
1809 1869 2258 1940 erumpentibus,
2291 1872 2412 1925 cla-

368 1982 541 2019 mare:
570 1966 739 2017 Pater
766 1962 862 2030 mi,
895 1981 928 2017 o
955 1972 1131 2033 pater,
1163 1982 1197 2017 o
1223 1972 1399 2034 pater.
1434 1966 1667 2034 Quanta
1693 1983 1804 2037 ego
1831 1984 2032 2036 passus
2059 1982 2206 2035 sum,
2245 1986 2279 2021 o
2308 1987 2411 2038 pa-

369 2055 563 2126 ter,'tu
585 2058 790 2113 nescis,
823 2058 948 2130 Ego
975 2077 1104 2113 mox
1133 2060 1491 2130 amplexabar
1518 2055 1669 2128 eum,
1701 2061 1897 2117 dicens
1924 2082 1998 2119 ne
2025 2056 2268 2131 curaret,
2307 2067 2409 2119 sed

366 2156 505 2210 mihi
532 2155 926 2210 committeret.
959 2157 1039 2209 At
1064 2155 1156 2211 ille
1184 2156 1447 2226 perrexit:
1479 2157 1624 2226 Nisi,
1656 2158 1859 2228 inquit,
1905 2167 1967 2213 tu
2014 2159 2155 2216 velis
2180 2179 2271 2216 me
2299 2163 2409 2215 sub

368 2247 467 2305 tua
493 2247 1151 2321 obedientiavsuscipere,
1184 2254 1290 2305 sub
1330 2255 1530 2307 umbra
1565 2256 1779 2309 alarum
1821 2264 2046 2310 tuarum
2081 2265 2403 2328 protegere,

367 2356 559 2402 actum
586 2355 673 2400 est
699 2347 905 2401 deme:
932 2364 1173 2416 cumque
1200 2367 1509 2405 annuerem
1535 2350 1794 2421 petitioni
1814 2370 1972 2420 suae,
1996 2353 2254 2423 placatus
2276 2354 2403 2408 fuit.

366 2439 531 2498 Ratio
566 2441 817 2512 omnium
853 2442 979 2509 fuit,
1018 2443 1148 2513 quia
1186 2444 1464 2500 Dominus
1499 2449 1760 2502 trahebat
1794 2466 1924 2504 eum
1964 2450 2036 2503 ad
2063 2449 2406 2505 Societatem

366 2548 636 2593 nostram:
661 2538 782 2608 ipse
801 2556 937 2592 vero
963 2538 1190 2595 obedire
1217 2540 1529 2609 differebat,
1560 2544 1732 2598 immo
1752 2547 2072 2600 recusabat.
2101 2549 2240 2601 Post
2265 2549 2409 2601 haec

364 2633 724 2690 exhibuimus
744 2633 850 2704 ipsi
877 2634 1062 2689 omni-a
1088 2637 1422 2703 necessaria,
1455 2639 1778 2708 paravimus
1798 2640 2007 2697 ibidem
2026 2643 2261 2710 lectum3
2286 2642 2409 2712 ipse

362 2747 500 2783 vero
527 2738 714 2784 tacere
740 2747 855 2783 non
881 2729 1099 2799 poterat
1131 2730 1239 2788 Dei
1278 2733 1551 2789 mirabilia
1584 2736 1734 2791 circa
1769 2726 1899 2793 eum
1938 2756 2128 2808 opera,
2168 2747 2226 2794 et
2258 2757 2405 2809 quo-

366 2826 535 2881 modo
564 2825 784 2895 jamdiu
810 2837 1112 2882 vocaverat
1140 2848 1269 2884 eum
1306 2832 1377 2883 ad
1423 2831 1764 2889 Societatem
1800 2842 2070 2889 nostram.
2105 2835 2272 2890 Circa
2298 2828 2405 2891 noss

363 2931 513 2976 ctem
541 2938 652 2992 ego
670 2920 803 2976 veni
829 2923 1077 2989 domum,
1103 2932 1159 2979 et
1180 2925 1303 2979 misi
1325 2928 1661 2995 Arnoldum,
1687 2938 1750 2983 ut
1771 2930 1823 2985 ei
1850 2932 2076 2987 adesset
2093 2931 2190 2986 illa
2208 2942 2397 2988 nocte.

363 3019 532 3072 Mane
561 3018 700 3087 ergo
725 3016 909 3070 voluit
928 3018 1190 3073 aduocari
1218 3022 1446 3078 fratrem
1473 3042 1661 3093 suum,
1682 3043 1851 3095 quem
1872 3026 2110 3083 Lovanii
2128 3029 2412 3094 habebat,

363 3114 425 3167 et*
446 3122 683 3167 matrem
712 3112 992 3168 accersiri:
1022 3115 1202 3168 voluit
1228 3119 1472 3174 condere
1499 3128 1901 3176 testamentum
1937 3142 2126 3190 suum,
2157 3133 2218 3179 et
2243 3124 2413 3180 simi-‘

362 3209 456 3275 lia,
488 3211 603 3263 non
630 3208 768 3263 satis
788 3210 1024 3279 'compos
1058 3212 1281 3278 mentis,
1320 3215 1564 3269 volebat:
1604 3220 1839 3287 putabat
1873 3219 2043 3276 etiam
2070 3220 2303 3275 omnino
2340 3240 2418 3275 se’

363 3304 718 3358 moriturum:
768 3304 948 3359 voluit
993 3315 1048 3360 et
1094 3307 1349 3363 emittere
1383 3319 1578 3365 votum
1614 3314 1935 3383 SocietatiS,
1972 3318 2074 3371 sed
2112 3335 2228 3371 non
2270 3336 2402 3388 per-

362 3400 509 3455 misi.

471 3497 622 3551 Inter
668 3498 809 3552 haec
846 3498 1042 3579 oculos
1078 3498 1225 3568 pileo
1252 3503 1495 3568 quodam
1538 3506 1873 3575 obduxerat,
1924 3507 2122 3565 dicens
2154 3527 2217 3565 se
2250 3511 2403 3581 nolle

451 3631 464 3655 ¹
527 3629 604 3673 De
625 3627 775 3673 fratre
799 3628 1034 3687 Arnoldo,
1058 3629 1196 3687 cujus
1219 3646 1491 3690 cognomen
1521 3643 1726 3697 tacetur,
1750 3640 2049 3686 mentionem
2077 3640 2264 3686 faciunt
2296 3643 2416 3687 Lit-·

360 3705 497 3746 teme
522 3702 948 3758 Quadrimestres,
975 3710 1014 3748 t.
1045 3716 1079 3762 J,
1102 3718 1218 3762 pag.
1249 3705 1353 3764 234,
1373 3718 1474 3764 507.
