2658 4296
372 256 459 314 384
1045 259 1340 327 EPISTOLAE
1370 253 1727 300 Momm-316

372 384 455 438 cis
480 391 613 438 ante
638 382 838 438 diebus
863 385 935 438 ab
962 385 1160 440 eodem
1193 382 1486 438 Ludouico
1519 381 1763 436 oblatam
1792 378 1967 434 fuisse
1992 397 2290 449 procuram
2317 381 2405 452 (ut

372 479 548 550 aiunt)
585 497 618 532 a
652 487 707 533 te
740 479 986 546 missam,
1018 498 1163 549 quae
1198 487 1383 533 tamen
1422 476 1638 531 nullius
1665 465 1814 530 esset
1852 473 2406 546 authoritatiffipro-

370 583 565 645 pterea
589 575 741 644 quod
766 594 800 630 a
824 575 1052 646 publico
1077 574 1295 629 notario
1322 591 1436 627 non
1464 571 1662 625 fuisset
1689 569 1830 635 uisa,
1862 569 1959 639 qui
1985 570 2406 640 subscriptione·

370 688 475 724 sua
507 671 676 724 fidem
714 670 956 737 fecisset,
989 670 1331 741 publicoque
1363 667 1548 738 sigillo
1573 667 1869 731 firmasset,
1910 667 2085 731 hune,
2124 665 2221 735 qui
2257 667 2401 721 scri-

370 765 592 835 psisset,
633 783 830 820 uerum
865 783 930 820 ac
974 765 1288 837 legitimum
1334 782 1458 819 esse
1502 761 1809 828 notarium3
1848 778 2066 830 nosque
2099 760 2271 816 huius
2317 762 2398 819 rei

368 860 598 931 ignaros
625 859 797 916 fuisse
823 861 1222 926 admirabatur,
1247 878 1375 913 cum
1402 877 1515 912 non
1543 876 1668 911 raro
1696 857 1933 922 accidat,
1961 864 2024 910 ut
2049 858 2159 911 hoc
2185 875 2402 928 genere

366 955 582 1010 fraudis
625 956 1031 1012 mercatoribus
1069 956 1406 1025 imponatur;
1428 989 1430 991 »
1452 952 1613 1007 cuius
1653 971 1790 1008 sane
1835 952 2150 1007 sententiae
2185 961 2243 1008 et
2276 953 2401 1024 ipse

359 1053 649 1123 Johannes
676 1043 931 1123 Baptista
956 1061 1013 1107 et
1039 1059 1373 1107 mercatores
1401 1066 1614 1116 omneS,
1647 1066 1789 1117 quos
1815 1056 2218 1118 percunctatus
2245 1067 2397 1116 sum,

368 1165 676 1203 assensere.

477 1244 711 1310 Verum,
742 1252 806 1297 ut
832 1262 922 1298 me
950 1252 1106 1299 tanto
1136 1243 1259 1297 uiae
1292 1261 1357 1297 ac
1390 1241 1755 1313 pecuniarum
1783 1239 2079 1311 dispendio
2105 1240 2395 1308 liberaret,

365 1347 866 1394 annumeraturum
893 1357 954 1393 se
974 1338 1109 1392 mihi
1129 1338 1394 1409 pecunias
1414 1337 1645 1407 recepit,
1670 1336 1717 1390 si
1738 1335 1888 1390 filius
1915 1335 2194 1391 Ludouici
2216 1338 2399 1391 Palau

365 1451 471 1488 suo
497 1433 749 1504 periculo
782 1434 1128 1505 promisisset
1154 1452 1215 1489 se
1249 1434 1394 1487 intra
1421 1453 1495 1486 xx
1522 1441 1620 1486 aut
1645 1452 1758 1485 xxx
1784 1431 1907 1488 dies
1938 1431 2396 1503 procurationem

365 1546 555 1595 unam,
605 1531 827 1598 qualem
873 1530 1028 1600 prius
1072 1529 1523 1595 commemoraui,
1573 1531 1644 1584 ad
1689 1547 1751 1584 se
1801 1528 2125 1583 missurum:
2175 1538 2396 1599 patrem

362 1634 553 1680 autem
581 1626 828 1692 nolebat,
860 1627 1028 1682 credo
1055 1627 1206 1696 quod
1231 1634 1380 1680 esset
1407 1634 1667 1680 senectae
1693 1624 1804 1679 iam
1832 1633 1889 1680 et
1911 1626 2147 1680 affectae
2166 1612 2389 1681 aetatis,

347 1721 457 1802 Ab
484 1738 551 1774 eo
578 1708 1131 1791 igitur'discedimUS,
1156 1730 1444 1791 sperantes
1464 1724 1571 1775 hoc
1595 1721 1757 1775 facile
1776 1720 2063 1791 impetrari
2082 1740 2267 1792 posse:
2292 1741 2396 1793 spe

362 1823 550 1869 tamen
577 1824 770 1870 nostra
795 1816 905 1870 lusi
941 1835 1154 1871 sumus,
1193 1820 1336 1871 Eum
1365 1817 1532 1884 enim,
1565 1817 1663 1871 ubi
1690 1816 1789 1871 diu
1817 1817 2136 1887 quaesitum
2164 1819 2392 1873 tandem

360 1910 782 1978 conuenissem,
823 1911 1006 1981 eique,
1045 1913 1179 1981 quid
1208 1930 1336 1967 cum
1372 1917 1447 1969 M.
1490 1914 1718 1985 Angelo
1745 1913 2175 1980 contraxissem,
2214 1933 2391 1985 expo—

358 2005 617 2072 suissem,
649 2008 932 2062 facturum
959 2026 1020 2063 se
1046 2008 1312 2063 continuo
1333 2010 1587 2080 negauit,
1613 2018 1669 2065 et
1690 2011 1761 2065 de
1781 2009 2038 2080 pecuniis
2058 2011 2387 2081 desperanS,

357 2102 467 2155 hoc
512 2101 648 2155 mihi
692 2102 909 2157 consilii
954 2103 1124 2170 dedit,
1170 2114 1232 2158 ut
1270 2105 1376 2159 sibi
1420 2107 1561 2160 duas
1607 2107 1780 2177 (quod
1826 2105 2040 2178 dicunt)
2081 2106 2392 2176 quitantias

357 2196 750 2266 relinquerem,
774 2198 980 2268 quibus
1000 2208 1126 2269 post
1145 2199 1463 2269 quindecim
1483 2201 1622 2267 dies,
1648 2201 1819 2256 missa
1840 2201 1947 2256 alia
1966 2202 2381 2273 procuratione,

357 2292 627 2363 pecunias
653 2294 882 2365 exigere
911 2304 1116 2366 posset3
1148 2297 1239 2351 cui
1266 2298 1427 2352 facile
1456 2298 1734 2367 acquieui,
1760 2317 1948 2368 neque
1968 2298 2118 2353 enim
2148 2301 2390 2356 uerebar

357 2387 480 2442 eius
506 2389 637 2443 fidei
663 2389 1033 2462 chirographa
1070 2393 1182 2446 duo
1210 2394 1576 2460 committere,
1608 2394 1700 2449 cui
1736 2403 1798 2448 tu
1823 2395 2124 2466 pecuniam
2153 2395 2384 2450 uniuer-

359 2502 477 2538 sam
507 2484 652 2539 tradi
679 2485 959 2542 iussisses

467 2581 595 2634 Hoc
622 2580 813 2661 itaque
839 2583 1071 2637 consilio
1096 2585 1166 2639 ad
1195 2588 1271 2640 M.
1305 2587 1593 2657 Angelum
1621 2590 1787 2642 ambo
1807 2587 2045 2659 profecti
2071 2606 2289 2655 sumuS,
2323 2597 2390 2643 ut

356 2684 455 2729 aut
474 2675 659 2745 ipsum
688 2677 1039 2732 Ludouicum
1070 2681 1244 2734 Palau
1264 2682 1651 2739 fideiussorem
1672 2684 2013 2751 admitteret,
2037 2692 2095 2739 et
2114 2684 2388 2755 pecunias

354 2771 532 2837 daret3
564 2780 661 2825 aut
688 2781 753 2825 ut
779 2782 1042 2843 acceptae
1070 2777 1341 2846 pecuniae
1362 2781 1754 2851 chyrographa
1780 2782 1894 2835 duo
1920 2780 2058 2835 mihi
2085 2799 2190 2836 suo
2215 2782 2389 2836 modo

355 2867 640 2933 formaret,
671 2886 816 2938 quae
844 2870 1135 2925 Ludouico
1162 2873 1553 2944 relinquerem.
1587 2878 1848 2932 Alterum
1875 2895 2006 2932 cum
2032 2886 2320 2949 negasset,
2351 2896 2388 2932 e

353 2962 597 3033 uestigio
624 2963 928 3031 subiratus,
962 2975 1024 3019 ut
1059 2968 1372 3037 uidebatur,
1404 2971 1534 3026 inde
1568 2973 1828 3029 discessit
1861 2974 2208 3029 Ludouicus:
2240 2975 2385 3029 alte—

352 3075 477 3112 rum
502 3076 563 3112 se
590 3077 708 3113 non
728 3059 967 3116 libenter
991 3063 1267 3119 facturum
1289 3066 1448 3134 dixit;
1472 3087 1676 3138 meque
1696 3070 1942 3142 rogauit,
1968 3070 2052 3125 uti
2078 3089 2152 3126 ne
2173 3089 2388 3142 graua-

352 3170 442 3206 rer
468 3152 673 3209 iterum
709 3156 780 3208 ad
813 3174 875 3212 se
910 3158 1108 3213 redire.
1149 3162 1291 3231 EgO,
1323 3164 1429 3217 etsi
1464 3165 1722 3219 nonnihil
1748 3166 1887 3221 illud
1920 3168 2220 3222 molestum
2246 3166 2384 3220 mihi

351 3247 618 3315 sciebam,
650 3267 722 3304 ne
748 3251 885 3320 quid
921 3260 1106 3309 tamen
1139 3260 1561 3316 controuersiae
1589 3262 1719 3316 oriri
1754 3272 1965 3333 posset,
1995 3263 2053 3317 id
2080 3281 2170 3318 me
2198 3264 2385 3318 factu—

332 3333 475 3396 'rum
495 3344 778 3414 pollicitus
798 3365 942 3403 sum.
972 3352 1193 3417 Postea,
1219 3354 1355 3421 quid
1374 3355 1638 3426 egissem,
1653 3359 1946 3414 Ludouico
1968 3361 2145 3415 Palau
2167 3359 2381 3425 rettuli,

350 3456 383 3492 a
421 3457 534 3508 quo
574 3450 746 3508 certe,
789 3445 1029 3498 multum
1064 3458 1282 3518 rogato,
1321 3453 1792 3522 procurationem,
1836 3475 2004 3526 quam
2045 3456 2146 3511 tibi
2185 3455 2385 3512 remit-

351 3541 546 3601 terem,
586 3538 797 3609 accepi,
838 3559 1040 3610 nempe
1074 3544 1170 3611 qui
1205 3545 1330 3612 sibi,
1362 3565 1476 3601 non
1509 3549 1665 3617 mihi,
1697 3552 1966 3607 creditam
2002 3561 2377 3609 asseueraret.

349 3630 521 3684 Hunc
547 3643 687 3701 puto
715 3636 931 3703 eadem,
962 3655 1107 3706 quae
1134 3641 1350 3711 scripsi,
1382 3646 1451 3698 ad
1479 3663 1582 3699 nos
1610 3647 1951 3717 scripturum
1980 3649 2058 3704 ita
2083 3647 2380 3721 negotium

349 3748 383 3785 a
409 3743 499 3782 me
528 3734 871 3785 transactum
900 3750 1040 3788 esse.
2035 3722 2043 3727 .
