2658 4296
1020 327 1234 372 RouA...
1271 336 1384 383 1550
2137 336 2227 394 339

189 475 282 511 ma
306 455 478 511 incite
503 454 749 525 escripre
770 456 824 509 13
843 462 1106 525 presente
1124 473 1158 508 a
1179 455 1250 508 V.
1284 455 1347 507 E.
1362 495 1374 519 ,
1400 462 1458 508 et
1478 455 1513 524 lj
1543 455 1760 511 donner
1780 462 2022 531 quelque
2048 463 2228 518 infor-

188 551 404 607 mation
429 552 501 606 de
526 552 580 605 la
606 552 998 622 Compagnye‚
1023 549 1277 620 appellee
1302 551 1374 604 de
1393 552 1582 622 jesus,
1607 553 1752 608 dela
1772 558 1955 625 quelle
1982 558 2035 613 ia
2055 579 2126 615 en
2155 563 2229 616 ha

188 651 264 704 V.
297 650 362 702 E.
395 647 643 717 quelque
675 645 883 714 notice;
913 663 1127 701 mesme
1154 663 1266 715 que
1291 645 1329 699 l’
1361 664 1439 700 un
1465 647 1566 701 des
1604 649 1776 704 Peres
1811 652 2025 721 dycelle
2053 656 2230 710 Com-

191 762 438 816 pagnye,
470 743 687 813 appelle
713 745 786 798 M.
821 741 1014 808 Pierre
1039 743 1085 796 F
1088 742 1244 808 abre,
1268 759 1542 812 sauoyen,
1565 744 1640 796 113
1665 754 1786 801 este
1813 750 2056 819 quelque
2084 752 2226 822 foys,

188 858 357 895 come
376 840 607 909 jeuteus
640 848 829 893 vostre
862 855 997 908 pere
1032 837 1289 908 spirituel
1321 839 1358 904 ¹,
1389 846 1447 892 et
1472 856 1616 893 vous
1644 857 1756 895 une
1786 843 1908 912 foys
1935 863 2068 900 aves
2105 848 2233 901 faist

193 937 379 1008 grand
404 944 463 990 et
490 945 604 990 tres
638 935 834 990 liberal
869 933 1079 990 recuilz
1106 953 1139 988 a
1172 935 1449 1004 quelcuns
1475 936 1576 989 des
1611 937 1895 993 escolliers
1923 942 1992 994 de
2019 943 2073 996 13
2094 944 2233 998 ditte

193 1034 567 1104 Compagnye
613 1033 710 1101 qu’
758 1030 955 1085 alliont
986 1048 1060 1085 en
1106 1029 1419 1101 Hispanye‚
1460 1031 1613 1085 leurs
1646 1042 1989 1102 promettant
2025 1055 2090 1092 ce
2125 1057 2236 1107 que

197 1129 452 1201 pourries
478 1147 551 1183 en
577 1129 775 1182 faveur
801 1127 873 1182 de
899 1127 953 1181 13
978 1125 1120 1181 ditte
1155 1127 1546 1197 Compagnye,
1573 1145 1606 1181 3
1631 1128 1685 1182 13
1712 1130 1897 1198 quelle
1917 1131 2136 1203 jamays
2164 1153 2235 1189 ne

196 1244 406 1298 pourra
419 1224 582 1279 uenir
601 1243 674 1279 en
694 1224 826 1293 obly
846 1230 1000 1278 ceste
1014 1231 1207 1277 vostre
1222 1239 1426 1277 envers
1443 1223 1551 1278 elle
1568 1225 1786 1294 grande
1798 1226 2169 1285 beniuolence
2190 1231 2231 1284 ².

75 1297 91 1307 Ι
127 1348 130 1353 ·
199 1323 367 1379 166116
393 1322 785 1392 Compagnye,
810 1320 864 1373 13
883 1319 1071 1388 quelle
1096 1336 1199 1388 par
1217 1319 1271 1372 la
1291 1319 1511 1389 grande
1529 1319 1875 1390 prouidence
1894 1323 1966 1378 de
1991 1323 2138 1379 Dieu
2166 1327 2239 1379 ha

195 1427 322 1475 este
346 1416 615 1471 instituee
641 1433 736 1471 ses
759 1433 862 1471 ans
889 1432 1081 1485 passes
1106 1432 1251 1484 pour
1276 1414 1529 1468 secourir
1548 1424 1745 1471 contre
1765 1417 1819 1472 13
1845 1419 2136 1489 malignite
2162 1423 2241 1475 du

200 1524 382 1584 temps
419 1521 667 1584 present,
704 1510 967 1568 combien
1001 1511 1109 1566 elle
1150 1510 1294 1565 soist
1337 1511 1543 1581 pleyne
1588 1520 1646 1566 et
1682 1512 1940 1570 feruente
1979 1517 2051 1571 de
2084 1516 2242 1571 diuin

198 1610 404 1681 esprit,
441 1608 702 1664 combien
735 1608 844 1663 elle
876 1606 1021 1662 soist
1051 1606 1343 1678 puissante
1378 1615 1436 1662 et
1461 1607 1797 1663 merueillux
1824 1628 1858 1663 a
1890 1614 2159 1681 prescher
2190 1614 2244 1668 13

203 1707 415 1778 parolle
440 1707 512 1762 de
531 1708 700 1778 jesus
728 1704 940 1768 Christ,
966 1703 1230 1761 combien
1253 1705 1362 1759 elle
1382 1703 1523 1759 soist
1542 1704 1849 1760 reluisante
1868 1725 1970 1778 par
1990 1710 2245 1780 exemple

199 1805 276 1860 de
310 1802 586 1858 sainctete
619 1810 678 1855 et
710 1799 993 1856 erudition
1026 1802 1098 1854 de
1134 1800 1411 1870 sciences,
1449 1800 1710 1857 combien
1737 1821 1810 1858 en
1842 1804 2098 1860 doctrine
2134 1807 2244 1860 fer-

207 1908 396 1965 uente,
435 1898 695 1953 combien
728 1897 837 1952 elle
880 1896 1023 1951 soist
1068 1898 1445 1967 prouffitable,
1483 1915 1599 1954 non
1626 1915 1727 1968 pas
1773 1900 2108 1956 seullement
2139 1903 2249 1957 alla

203 1995 570 2063 chrestiente,
599 2013 759 2064 mays
793 2012 827 2047 a
861 2002 985 2047 tout
1025 1993 1076 2047 le
1116 1994 1342 2049 monde.
1383 1993 1445 2050 Si
1480 1996 1594 2048 ben
1626 1994 1708 2051 les
1736 1995 1972 2051 families
2006 1998 2244 2067 dycelle,

299 2218 311 2242 ¹
377 2215 453 2258 De
474 2214 584 2257 Bto.
610 2213 767 2256 Fabro
789 2210 850 2255 ad
871 2225 975 2254 rem
997 2212 1117 2254 11366
1139 2210 1282 2254 affert
1310 2211 1564 2268 BARTOL1‚
1588 2212 1747 2271 Degli
1767 2214 1964 2258 nomini
1983 2229 2008 2259 e
2030 2216 2107 2259 de'
2120 2215 2255 2274 fatti

207 2290 346 2335 della
370 2287 693 2347 Compagnia
714 2286 770 2331 di
790 2284 1178 2330 GesaMemorie
1201 2284 1452 2339 istoriche,
1469 2285 1555 2331 lib.
1580 2297 1615 2344 1,
1633 2301 1745 2345 pag.
1775 2298 1875 2344 140:
1902 2306 1984 2333 «...
2004 2289 2081 2333 Ho
2102 2289 2254 2334 nomi-

207 2365 312 2410 nati
332 2365 520 2408 altrove
541 2361 760 2420 alquanti
781 2359 860 2404 de'
883 2359 968 2419 piu
989 2359 1168 2404 illustri
1189 2361 1519 2419 personnaggi
1541 2361 1633 2405 che
1662 2376 1691 2405 a
1720 2361 1787 2406 lui
1809 2362 2255 2409 incessantemente

210 2439 474 2495 venivano,
499 2436 636 2481 molti
657 2435 706 2480 d’
730 2436 830 2480 essi
850 2450 879 2480 a
900 2435 1175 2494 prenderne
1195 2435 1267 2493 gli
1287 2435 1503 2494 Esercizj
1522 2434 1780 2495 spirituali:
1800 2451 1827 2481 e
1853 2438 1884 2482 ’l
1908 2439 2093 2484 volerlo
2114 2439 2258 2485 Carlo

210 2516 350 2559 Duca
370 2512 421 2557 di
442 2511 620 2569 Savoja
640 2514 747 2570 (per
775 2524 1065 2569 sopranome
1095 2509 1128 2554 11
1158 2511 1346 2566 Buono)
1368 2510 1507 2555 udire
1536 2510 1654 2569 ogni
1673 2511 1847 2568 giorno
1870 2514 1953 2556 un'
1977 2527 2059 2557 ora
2088 2520 2259 2558 trattar

210 2602 326 2633 cose
348 2587 398 2632 di
419 2585 680 2646 spirito...»
704 2584 830 2629 Vide
847 2589 1014 2628 annot.
1035 2590 1341 2643 sequentem.

301 2667 319 2690 ²
381 2663 458 2707 De
494 2660 867 2718 religiosissimo
904 2658 1179 2704 Sabaudiae
1217 2659 1438 2719 principe
1467 2661 1589 2704 haec
1624 2660 1853 2704 Patribus
1885 2661 2077 2718 Ignatio
2113 2668 2260 2720 atque

211 2737 429 2784 Codacio
458 2735 655 2795 scripsit
683 2736 868 2792 Faber,
899 2743 955 2790 25
986 2733 1206 2792 Januarii
1232 2744 1370 2791 1541:
1412 2735 1632 2779 «Ducem
1670 2734 1961 2792 Sabaudiae,
1992 2734 2260 2794 principem

212 2812 428 2870 regionis
451 2825 589 2855 meae
610 2809 806 2866 natalis,
825 2807 1004 2864 nudius
1025 2807 1201 2853 tertius
1224 2807 1372 2853 invisi
1389 2823 1487 2853 una
1503 2823 1615 2853 cum
1637 2809 1853 2853 Doctore
1871 2807 2026 2864 Ortiz‚
2045 2810 2128 2868 qui
2151 2824 2261 2854 eum

212 2888 276 2932 de
297 2888 447 2931 rebus
475 2885 655 2930 nostris
685 2882 883 2939 erudiit3
907 2883 1134 2942 interque
1162 2883 1500 2940 fabulandum,
1524 2884 1639 2927 Dux
1660 2883 1984 2940 interrogavit
2012 2897 2073 2927 an
2103 2898 2262 2928 essem

215 2977 278 3007 ex
299 2961 394 3019 his,
416 2960 502 3020 qui
524 2961 694 3004 orbem
716 2964 996 3017 peragrant,
1019 2964 1294 3017 opportuna
1308 2957 1429 3002 mihi
1446 2957 1743 3015 exhibendo,
1761 2957 1804 3001 si
1820 2956 1946 3001 forte
1964 2971 2077 3002 suas
2098 2957 2266 3016 petiis·

212 3052 319 3081 sem
341 3035 571 3081 ditiones.
597 3033 709 3092 Cui,
731 3047 910 3091 magna
931 3031 1156 3077 adstante
1178 3046 1374 3085 corona,
1399 3047 1478 3077 me
1508 3033 1644 3077 nullo
1663 3046 1810 3090 egere
1834 3032 2088 3090 temporali
2110 3032 2266 3076 subsi-

212 3111 294 3155 dio
323 3109 573 3169 respondi,
605 3107 694 3153 sed
723 3109 827 3152 solo
856 3107 1011 3166 ipsius
1050 3106 1320 3166 patrocinio
1349 3106 1410 3151 ad
1438 3106 1708 3151 animarum
1736 3105 2015 3150 utilitatem:
2048 3105 2108 3150 ad
2137 3105 2267 3164 quod

217 3187 367 3231 etiam
388 3199 546 3242 suam,
567 3198 664 3242 qua
693 3183 864 3242 pollet,
889 3195 1086 3240 operam
1109 3181 1386 3240 spopondit.
1411 3179 1545 3225 Nihil
1569 3181 1767 3225 innuam
1789 3179 1849 3223 de
1879 3179 2032 3238 ipsius
2050 3179 2267 3223 humani-

216 3268 338 3313 tate,
362 3273 455 3304 nec
475 3258 537 3303 de
560 3259 703 3302 vultu
723 3257 940 3315 benigno
961 3270 1058 3315 quo
1080 3270 1159 3300 me
1177 3255 1390 3314 excepit;
1416 3269 1478 3299 ne
1499 3254 1626 3299 forte
1648 3253 1822 3298 dicatis
1844 3253 2012 3297 laudes
2034 3254 2125 3297 hoc
2147 3259 2267 3296 tem·

218 3350 334 3395 pore
356 3333 601 3393 ignobiles
624 3346 752 3387 esse,
770 3337 855 3376 aut
871 3345 950 3375 me
967 3330 1119 3375 nimio
1135 3330 1250 3375 duci
1266 3330 1447 3375 affectu
1469 3343 1586 3387 erga
1607 3327 1876 3388 principem
1894 3342 2073 3384 meum,
2095 3326 2269 3385 siquid

218 3418 384 3455 tamen
406 3415 485 3454 est
505 3408 668 3467 potius
691 3420 854 3451 meum
881 3420 1026 3465 quam
1055 3411 1277 3449 vestrum
1306 3404 1357 3448 in
1379 3404 1639 3449 Domino.»
1667 3402 1850 3447 Cartas
1864 3417 1896 3459 y
1918 3405 2050 3446 otros
2070 3401 2271 3445 escritos

219 3485 302 3530 del
325 3486 388 3529 B.
413 3485 476 3528 P.
502 3483 669 3528 Pedro
691 3481 873 3533 Fabro,
899 3487 936 3525 t.
960 3492 995 3539 1,
1018 3494 1131 3539 pag.
1156 3478 1244 3536 337
1266 3485 1317 3524 et
1338 3490 1412 3536 47.
1438 3477 1712 3526 Videantur
1733 3476 1880 3521 etiam
1903 3476 2023 3519 ibid.
2046 3488 2161 3532 pag.
2193 3473 2268 3532 53,

222 3569 297 3616 57.
320 3561 384 3604 Et
404 3571 588 3603 rursus:
615 3557 751 3603 «Con
772 3556 840 3600 mi
860 3554 1100 3614 principe,
1119 3556 1163 3599 el
1188 3555 1365 3614 Duque
1388 3553 1450 3597 de
1473 3552 1685 3611 Saboya‚
1706 3558 1854 3608 tengo
1872 3565 1986 3607 muy
2008 3549 2271 3593 intrinseca

219 3631 592 3689 conversaciom
616 3629 862 3676 habiendo
891 3629 1139 3674 concierto
1161 3626 1224 3671 de
1247 3626 1468 3671 visitarle
1490 3640 1607 3683 muy
1628 3627 1657 3669 a
1678 3622 1904 3678 menudo3
1929 3621 1989 3665 de
2013 3620 2155 3664 modo
2176 3635 2271 3679 que

219 3709 374 3753 etiam
398 3722 477 3752 me
497 3708 561 3751 ha
582 3704 779 3751 tomado
800 3718 889 3763 por
911 3718 971 3748 su
993 3702 1239 3760 confesor,
1261 3717 1294 3760 y
1316 3702 1415 3759 hoy
1436 3714 1499 3744 en
1529 3705 1636 3743 este
1659 3698 1739 3743 dia
1762 3698 1837 3755 [12
1860 3695 2037 3750 Martii,
2065 3695 2196 3753 1541]
2218 3709 2273 3739 se

228 3797 283 3827 es
311 3781 574 3826 confesado
604 3779 851 3836 conmigO,
887 3793 921 3837 y
951 3783 1091 3821 antes
1128 3775 1190 3820 de
1221 3782 1346 3831 esto,
1378 3789 1442 3833 ya
1478 3774 1649 3818 estaba
1682 3770 1939 3831 aparejado
1969 3783 2083 3828 para
2119 3775 2280 3813 tomar

225 3863 404 3901 cuanto
426 3857 473 3901 le
495 3854 631 3900 diere
654 3869 717 3898 en
738 3866 877 3898 cosas
901 3851 1259 3910 espirituales.»
1283 3850 1315 3894 I
1315 3850 1434 3899 bid„
1460 3861 1572 3907 pag.
1596 3847 1671 3891 60.
