2658 4296
961 290 1015 324 10
1046 277 1375 324 Sameramis
1410 287 1523 335 1552
2165 288 2252 345 785

219 424 392 463 meno
434 423 624 477 opere.
662 407 794 462 Non
828 408 921 461 ch'
961 405 1017 461 io
1051 423 1167 460 non
1200 404 1567 476 cognoscessi
1601 407 1654 460 la
1695 409 2046 483 Compagnia
2088 416 2255 483 quale

225 503 395 569 fosse,
426 511 485 559 et
517 501 854 559 similmente
883 515 1047 556 nome
1078 501 1135 556 io
1169 501 1352 555 douea
1383 517 1572 556 essere
1605 502 1676 556 de
1710 505 1912 573 quella,
1949 515 2007 563 et
2041 519 2254 578 quanto

225 598 325 670 pisi
356 598 503 655 bene
535 597 751 669 potessi
786 599 904 655 fare
936 597 996 652 in
1027 597 1217 667 quella
1255 594 1361 651 ch'e
1397 596 1543 654 fuori
1588 598 1646 651 d'
1675 616 1819 666 essa;
1857 597 1967 668 ma,
2006 621 2166 661 come
2198 607 2256 661 lo

225 694 404 761 detto,
428 695 666 766 guidato
686 694 786 749 ‘dal
811 693 1038 765 proprio
1063 710 1272 759 amore,
1303 710 1421 746 non
1446 694 1522 747 ho
1547 693 1658 747 mai
1691 696 1888 751 uoluto
1915 699 2031 753 fare
2066 702 2255 769 quello

226 790 356 845 chio
391 807 751 861 cognosceua
783 791 968 846 douea
1000 790 1146 855 fare,
1183 797 1242 844 et
1283 796 1441 842 tanto
1475 787 1600 858 pisi,
1638 791 1745 846 che
1770 810 1883 846 non
1910 812 2182 851 mancaua
2216 797 2255 851 il

227 886 470 958 Signore
496 885 553 940 di
579 886 781 940 dentro
806 885 863 940 di
897 893 1212 962 monstrare
1246 884 1436 954 quello
1470 886 1560 938 ch’
1592 904 1688 940 era
1713 886 1825 940 mio
1851 888 2058 945 debito.
2095 892 2258 946 Hora

224 1001 326 1053 per
358 981 551 1036 diuina
583 980 984 1047 misericordia,
1026 989 1104 1047 et,
1154 967 1314 1035 come
1359 987 1536 1051 tengo
1570 989 1744 1046 cert0,
1782 983 2077 1053 aggiutato
2122 988 2252 1042 dell’

222 1077 462 1133 orationi
487 1079 560 1134 de
579 1079 651 1134 V.
684 1079 752 1132 R.
790 1077 1250 1149 singolarmente,
1290 1083 1347 1132 et
1374 1076 1447 1132 de
1479 1084 1628 1130 tutta
1662 1087 1861 1146 questa
1887 1090 2047 1134 santa
2083 1083 2255 1137 Com-

220 1174 448 1246 pagnia,
480 1184 537 1230 et
564 1174 622 1228 in
649 1173 837 1245 specie
873 1172 1044 1228 etiarn
1077 1174 1170 1227 dal
1202 1171 1316 1227 mio
1353 1171 1684 1227 charissimo
1713 1174 1929 1228 fratello
1957 1179 2035 1231 Μ.
2069 1180 2256 1234 Bene-

221 1272 379 1327 detto
418 1273 455 1338 ¹,
492 1270 622 1325 chio
658 1288 774 1324 non
807 1269 1026 1336 dubito,
1063 1269 1329 1325 hauendo
1361 1267 1551 1335 inteso
1588 1268 1628 1322 li
1654 1268 1784 1325 miei
1830 1271 1980 1325 modi
2025 1275 2131 1329 che
2157 1293 2258 1344 per

223 1366 392 1422 insin'
417 1367 618 1421 adesso
636 1368 713 1420 ho
734 1373 952 1432 tenuto,
969 1363 1143 1419 habbi
1160 1366 1379 1418 hauuto
1398 1364 1775 1435 grandissimo
1794 1366 2045 1436 spiacere
2064 1369 2121 1422 di
2142 1388 2254 1436 me,

227 1471 285 1519 et
311 1480 412 1533 per
438 1470 640 1533 questo
666 1480 730 1516 so
757 1463 865 1518 che
889 1460 1330 1516 instantemente
1349 1462 1424 1514 ha
1443 1470 1702 1532 pregatO,
1727 1462 1785 1515 in
1806 1464 1973 1518 modo
1994 1466 2100 1520 che
2119 1467 2259 1521 hora

225 1558 303 1613 mi
329 1568 492 1614 sento
525 1566 675 1612 tutto
709 1566 949 1623 mutatO,
987 1565 1046 1613 et
1078 1574 1182 1611 son
1222 1556 1321 1627 pisi
1352 1558 1459 1611 che
1491 1555 1801 1613 deliberato
1835 1559 1892 1612 d'
1932 1578 2085 1615 esser
2111 1563 2259 1617 della

226 1654 581 1726 Compagnia
606 1654 699 1708 del
716 1654 877 1726 Jes1‘1,
908 1660 966 1707 et
993 1652 1112 1709 fare
1139 1661 1353 1722 quanto
1372 1651 1450 1706 mi
1476 1655 1602 1707 sara
1628 1652 1870 1724 imposto
1890 1655 1964 1710 da
1983 1658 2054 1711 V.
2081 1659 2173 1723 R.,
2199 1666 2260 1714 et

223 1753 295 1808 de
323 1750 455 1806 tutti
481 1752 521 1804 l’
549 1749 677 1806 altri
702 1752 810 1806 che
836 1767 1039 1804 sarano
1065 1748 1361 1820 superiori,
1392 1751 1608 1820 purche
1642 1749 1689 1804 si
1726 1744 1898 1822 degni
1933 1770 2041 1806 con
2073 1754 2128 1807 la
2153 1772 2256 1808 sua

220 1847 385 1903 solita
402 1846 698 1918 benignita
725 1854 783 1902 et
807 1844 1193 1900 misericordia
1211 1845 1510 1902 riceuermi
1536 1854 1594 1901 et
1615 1846 1794 1917 pormi
1816 1849 1908 1903 nel
1928 1867 2164 1903 numero
2183 1851 2255 1906 de

220 1937 345 1993 suoi
365 1935 583 2008 fig1i01i3
613 1944 672 1991 et
697 1954 815 1990 non
841 1934 1040 1989 dubito
1067 1935 1123 1989 lo
1150 1935 1290 2001 fara,
1321 1937 1529 2006 perche
1557 1944 1718 1991 tanto
1740 1946 1953 2006 quanto
1973 1940 2048 1991 ho
2069 1939 2257 2009 fugito

219 2035 261 2088 il
287 2034 492 2099 Padre,
524 2041 682 2088 tanto
708 2035 784 2086 m'
813 2035 888 2086 ha
913 2031 1222 2103 segnitatO,
1248 2040 1306 2088 et
1332 2051 1447 2087 non
1473 2035 1548 2087 ha
1574 2042 1795 2089 cessato
1821 2034 1892 2088 de
1918 2035 2251 2103 cercharmi,

221 2149 322 2202 per
364 2130 454 2185 sin
499 2138 657 2185 tanto
697 2132 804 2186 che
848 2147 965 2184 non
997 2131 1072 2182 m’
1115 2131 1190 2184 ha
1223 2129 1520 2184 ritrouatO.
1560 2130 1751 2198 Siche,
1789 2149 1903 2184 non
1936 2131 2254 2186 altrimente

223 2227 281 2282 di
326 2228 514 2298 quello
558 2228 680 2283 fece
725 2226 767 2279 il
809 2225 1026 2297 figliolo
1071 2224 1311 2297 prodigo
1357 2243 1524 2280 uerso
1569 2227 1662 2282 del
1706 2245 1810 2281 suo
1854 2228 2045 2298 padre,
2085 2228 2250 2282 facio,

224 2325 321 2379 Ho
347 2332 667 2395 cognosuto
693 2323 842 2382 doue
862 2340 967 2377 son
987 2330 1155 2387 stato,
1179 2322 1329 2377 nella
1348 2322 1586 2393 regione
1604 2323 1936 2394 longinqua,
1963 2342 2066 2379 son
2086 2324 2253 2378 ritor-

222 2427 357 2474 nato
380 2419 440 2473 in
465 2438 576 2487 me,
616 2436 807 2490 uengo
841 2419 895 2474 al
928 2417 1024 2489 pio
1052 2418 1245 2489 padre,
1285 2426 1342 2474 et
1368 2426 1593 2489 espetto
1627 2420 1665 2473 l’
1696 2438 1886 2476 amore
1923 2429 2176 2491 patemo,
2214 2420 2254 2474 il

221 2515 503 2587 giocondo
538 2516 681 2581 uiSO,
718 2516 773 2569 la
806 2514 986 2586 prima
1018 2515 1181 2580 stola,
1230 2522 1287 2569 et
1332 2515 1658 2570 finalmente
1694 2516 1734 2569 1’
1781 2516 2161 2571 introdutione
2195 2517 2253 2571 in

218 2630 369 2678 casa,
400 2613 513 2668 ela
546 2611 978 2666 conuersatione
1012 2629 1116 2666 sua
1149 2609 1296 2686 [con]
1328 2613 1368 2665 l’
1399 2611 1525 2666 altri
1558 2611 1689 2667 miei
1724 2613 1944 2680 fratelli,
1986 2613 2137 2682 quali
2163 2613 2252 2666 in-

218 2708 377 2764 siemi
422 2727 531 2764 con
557 2711 628 2765 V.
680 2711 773 2775 R.,
804 2710 1054 2763 anchora
1078 2710 1185 2765 che
1210 2727 1327 2763 non
1354 2709 1462 2763 fosi
1487 2709 1547 2763 in
1580 2727 1729 2775 casa,
1760 2727 1900 2779 pure
1937 2728 2156 2779 sempre
2176 2712 2254 2763 ho

218 2805 389 2881 amati
422 2814 481 2860 et
514 2804 791 2860 osseruati
825 2822 934 2859 con
979 2823 1096 2859 uno
1140 2805 1383 2876 speciale
1428 2824 1640 2872 amore,
1679 2815 1736 2862 et
1774 2824 1993 2876 sempre
2028 2805 2139 2859 mai
2174 2808 2251 2859 ho

218 2905 436 2958 hauuto
463 2911 665 2972 questo
696 2901 894 2972 spirito
928 2904 1035 2958 che
1071 2901 1149 2956 mi
1194 2902 1472 2973 spingeua
1512 2904 1583 2957 ad
1628 2902 1832 2956 unit-mi
1866 2903 1957 2957 del
1984 2910 2149 2956 tutto.
2194 2904 2252 2957 A

220 3000 294 3055 V.
324 3001 394 3054 R.
426 2999 682 3053 adonche
708 2999 955 3068 spettara
982 2998 1100 3053 fare
1126 2997 1183 3052 di
1209 3015 1300 3052 me
1327 2998 1441 3052 alto
1468 3007 1526 3054 et
1551 3000 1738 3065 baSSO,
1770 3007 1981 3069 quanto
2007 2998 2060 3053 le
2086 3016 2251 3068 pare-

222 3099 304 3163 ra,
336 3103 393 3151 et
420 3093 645 3148 tenirmi
679 3113 713 3148 a
739 3095 998 3165 Bologna
1022 3113 1058 3148 o
1085 3096 1283 3161 Roma,
1322 3113 1357 3149 o
1389 3095 1539 3150 doue
1572 3099 1647 3149 m'
1685 3095 1962 3159 ordinara,
2004 3103 2061 3148 et
2088 3093 2251 3148 farmi

219 3190 515 3246 humiliare
541 3190 600 3243 in
621 3189 753 3245 tutti
781 3189 952 3259 quelli
977 3190 1128 3245 modi
1154 3193 1261 3245 che
1281 3191 1613 3263 giudichera
1631 3210 1785 3248 esser
1804 3210 1836 3244 a
1857 3189 2035 3262 gloria
2054 3190 2126 3245 de
2146 3208 2251 3243 sua

217 3289 434 3343 maesta
458 3286 672 3354 diuina,
702 3294 761 3341 et
786 3285 898 3340 mia
923 3287 1125 3342 salute.
1160 3289 1271 3341 Per
1296 3288 1350 3342 le
1376 3287 1553 3358 prime
1578 3287 1859 3358 espettaro
1891 3287 1929 3339 l'
1970 3285 2165 3341 ordine
2190 3285 2249 3338 di

217 3385 290 3439 V.
323 3385 390 3438 R.
423 3382 481 3436 di
508 3382 696 3453 quello
722 3381 936 3437 hauero
970 3382 1043 3435 da
1071 3382 1208 3438 fare.
1250 3385 1361 3439 Per
1394 3384 1593 3438 adesso
1633 3403 1748 3437 non
1782 3385 1858 3435 m’
1896 3382 2101 3436 accade
2127 3380 2250 3447 dire

214 3481 377 3546 altro,
408 3480 569 3533 saluo
594 3481 701 3533 che
726 3477 1206 3533 raccomandarmi
1233 3487 1624 3536 strettamente
1652 3481 1759 3534 alle
1785 3497 1885 3533 sue
1905 3476 2162 3541 orationi,
2188 3485 2251 3532 et

214 3577 287 3632 de
315 3575 447 3630 tutti
474 3575 545 3630 de
572 3592 723 3640 casa,
753 3582 811 3628 et
836 3574 891 3627 la
916 3590 1093 3644 prego
1119 3576 1224 3630 che
1252 3574 1360 3628 faci
1389 3575 1505 3630 fare
1532 3594 1631 3646 per
1657 3583 1855 3646 questa
1887 3572 1998 3627 mia
2031 3571 2250 3627 delibe-

312 3790 326 3815 ¹
389 3786 444 3830 P.
469 3783 767 3829 Benedictus
784 3782 1017 3838 Palmius,
1040 3781 1101 3826 de
1122 3796 1219 3841 quo
1241 3797 1389 3841 saepe
1411 3783 1530 3828 alias
1552 3783 1735 3828 dictum
1758 3789 1849 3827 est.

389 3874 629 3910 Eum-oua
645 3871 826 3915 Manu,
844 3879 939 3906 rou.
956 3879 1002 3906 η.
1240 3875 1242 3877 ’
2021 3867 2067 3903 50
