2658 4296
995 317 1012 350 1
1050 307 1340 351 FEBRUARJI
1374 314 1483 360 1551
2157 307 2249 363 -461

203 440 343 492 dum
389 443 446 492 et
472 433 857 503 confessiones
901 432 1212 488 audiendas
1245 429 1305 484 in
1343 430 1787 484 heboracensem
1848 430 2150 486 dioecesim
2198 441 2255 487 et

209 531 364 588 varia
399 530 524 586 eius
557 529 765 601 oppida
797 528 952 585 missi
998 536 1151 582 sunt.
1202 529 1364 581 Duos
1407 523 1625 592 itidem,
1664 525 2088 598 archiepiscopo
2123 528 2254 581 bra-

211 626 474 683 charensi
505 628 518 653 ¹
548 634 811 697 urgente,
840 625 900 679 in
925 624 1104 696 ipsius
1130 621 1434 678 dioecesim
1462 619 1740 675 misimus:
1773 621 2007 678 totidem
2027 622 2086 696 in
2112 622 2255 677 ciui-

217 733 412 790 tatem,
453 741 599 792 quae
642 720 897 777 Guardia
941 719 1168 787 dicitur,
1206 720 1278 774 de
1313 717 1547 787 quibus,
1586 734 1735 786 quae
1771 717 1842 771 ad
1876 699 2114 788 gloriam
2147 719 2256 774 Dei

214 819 459 892 egerint,
491 836 746 873 seorsum
773 816 1072 872 scribetur.
1104 817 1228 871 Rex
1254 813 1423 870 etiam
1451 822 1509 870 et
1535 812 1755 885 regina,
1788 830 1918 867 cum
1947 813 2163 883 aliquos
2199 814 2255 867 in

213 915 582 971 ministerium
610 912 860 990 episcopi
899 910 1271 967 mirandensis
1299 911 1319 937 ²
1347 918 1625 981 peterent,
1661 911 1940 963 hactenus
1966 927 2082 963 non
2109 910 2256 964 obti-

212 1021 482 1078 nuerunt,
514 1011 647 1081 quia
679 1027 782 1081 pro
807 1027 1016 1075 rerum,
1055 1025 1202 1079 quae
1243 1014 1575 1074 occurrunt,
1624 1005 1987 1060 multitudine
2033 1015 2090 1061 et
2134 1024 2256 1060 mo-

214 1118 428 1174 ment0,
464 1125 677 1180 paucos
725 1106 1028 1160 admodum
1072 1090 1350 1160 habemus
1376 1102 1685 1174 operarios,
1726 1103 1813 1156 Ex
1848 1101 2103 1173 plurimis
2137 1102 2259 1156 aliis

213 1205 372 1271 locis,
404 1205 475 1258 ad
503 1222 646 1274 quos
675 1183 823 1257 fama
868 1200 1173 1258 Societatis
1211 1198 1493 1271 peruenit,
1543 1206 1731 1254 rector
1768 1197 1995 1268 collegii
2022 1199 2040 1225 ⁵
2068 1197 2260 1253 literas

218 1300 457 1372 accepit,
488 1299 696 1370 quibus
724 1296 1054 1354 ardentibus
1082 1294 1376 1352 desideriis
1403 1294 1576 1365 aliqui
1610 1295 1684 1350 de
1717 1293 2002 1351 Societate
2029 1303 2260 1364 expete-

219 1399 448 1463 bantur,
485 1405 554 1452 ¹et
599 1395 827 1465 quidem
872 1411 1083 1465 magna
1127 1409 1259 1446 cum
1293 1390 1599 1448 deuotione
1638 1409 1700 1446 se
1747 1398 1898 1445 totos
1922 1391 2256 1456 offerebant,

223 1493 493 1563 quicquid
536 1491 716 1572 nostri
761 1474 1202 1555 consuluissent,
1254 1489 1503 1543 facturos
1549 1487 1971 1559 promittentes;
2011 1487 2111 1542 sed
2146 1495 2260 1541 tam

223 1589 417 1644 multis
443 1586 703 1644 satisfieri
723 1585 959 1656 nequiit.
992 1587 1141 1642 Sunt
1160 1585 1311 1642 enim
1333 1584 1697 1640 Conimbriae
1719 1584 2044 1653 frequentes
2065 1584 2261 1637 admo-

221 1687 358 1740 dum
397 1683 800 1748 confessioneS,
851 1684 993 1739 adeo
1028 1691 1093 1736 ut
1127 1681 1358 1736 omnino
1396 1681 1600 1737 diebus
1627 1679 1849 1735 sabbati
1876 1689 1934 1735 et
1967 1678 2263 1733 dominicis

222 1780 410 1836 studia
436 1779 677 1850 relinqui
712 1797 947 1836 necesse
980 1778 1072 1833 sit:
1111 1777 1201 1833 his
1236 1777 1387 1833 enim
1423 1777 1626 1833 diebus
1654 1776 2065 1847 frequentiores
2094 1794 2262 1846 quam

220 1877 345 1932 aliis
372 1875 725 1948 poenitentes
747 1877 819 1930 ad
846 1884 1328 1930 sacramentorum
1374 1873 1712 1930 medicinam
1739 1873 2037 1929 accedunt.
2069 1871 2264 1941 Aliqui

222 1994 294 2029 ex
320 1972 533 2029 nostris
553 1972 722 2028 etiam
749 1991 850 2044 per
877 1972 1077 2029 urbem
1104 1971 1493 2028 confessiones
1521 1970 1779 2025 audiunt.

335 2072 450 2127 Sex
494 2069 554 2123 in
588 2069 804 2123 Indiam
848 2068 1030 2140 primo
1076 2086 1213 2124 uere
1256 2067 1567 2139 profecturi
1598 2075 1753 2132 sunt,
1805 2085 2048 2137 quorum
2093 2073 2266 2136 caput

228 2166 336 2223 erit
359 2167 557 2220 doctor
585 2164 858 2220 Melchior
891 2164 1071 2220 Minet
1096 2164 1138 2219 ⁴:
1177 2182 1307 2218 cum
1340 2164 1430 2218 his
1462 2162 1762 2219 duodecim
1784 2162 1944 2233 pueri
1971 2182 2043 2218 ex
2069 2179 2263 2216 eorum

228 2280 484 2328 numerO,
525 2261 623 2332 qui
659 2262 768 2316 sub
812 2260 1108 2332 disciplina
1142 2259 1327 2315 Patris
1372 2259 1531 2316 Petri
1562 2261 1895 2315 Domenech
1928 2259 2262 2323 educantur,

226 2358 394 2415 electi
419 2378 491 2415 ex
516 2358 670 2413 omni
695 2360 1076 2429 orphanorum
1102 2375 1359 2423 numer0,
1390 2364 1449 2413 et
1474 2356 1616 2411 raris
1642 2355 1872 2410 dotibus
1904 2354 2076 2410 animi
2102 2372 2264 2425 prae-

226 2455 350 2522 diti,
374 2473 442 2510 ac
468 2444 620 2526 pleni
643 2440 866 2509 feruore
886 2463 945 2508 et
963 2453 1166 2525 spiritu
1185 2453 1505 2520 Societatis,
1528 2453 1590 2507 in
1608 2451 1824 2508 Indiam
1848 2451 2172 2517 mittuntur,
2205 2459 2268 2503 ut

223 2551 283 2606 in
307 2551 478 2606 variis
505 2550 836 2623 regionibus
860 2568 1165 2622 puerorum
1183 2550 1453 2622 collegia,
1478 2566 1625 2620 quae
1650 2548 1711 2603 in
1730 2547 1987 2603 doctrina
2006 2546 2266 2601 christia—

225 2667 299 2703 na
343 2649 679 2714 educentur,
730 2646 1008 2714 instituat,
1046 2655 1105 2702 et
1141 2649 1213 2701 ab
1247 2647 1336 2701 his
1370 2648 1630 2718 exemplo
1663 2645 1849 2701 iuuari
1886 2643 2120 2716 possint.
2156 2643 2264 2698 Mi-

222 2746 400 2799 randa
426 2753 514 2801 est
539 2762 865 2815 puerorum,
908 2762 1024 2798 non
1068 2745 1252 2799 solum
1297 2743 1499 2810 virtus,
1538 2751 1603 2798 ut
1629 2742 1690 2797 in
1715 2742 1811 2796 illa
1842 2750 2048 2807 aetate,
2080 2741 2180 2796 sed
2206 2739 2266 2793 in

222 2849 658 2911 extemporanea
708 2840 878 2895 etiam
930 2839 1305 2895 concionandi
1356 2841 1624 2894 facultate
1676 2838 1860 2910 gratia
1910 2846 1968 2892 et
2012 2836 2260 2908 spiritus.

228 2936 515 3008 Dignetur
539 2937 819 2992 Dominus
845 2937 935 2992 his
961 2936 1352 2992 instrumentis
1378 2938 1684 2991 multorum
1718 2935 1935 2990 animas
1965 2933 2037 2987 ad
2065 2949 2264 2987 uerum

228 3032 407 3104 ipsius
426 3034 642 3087 cultum
670 3034 972 3099 adducere,
1003 3042 1061 3089 et
1085 3033 1146 3086 in
1172 3035 1374 3089 eodem
1402 3034 1682 3087 adductos
1701 3047 2058 3087 conseruare.

317 3228 331 3255 ¹
393 3227 678 3271 Balthasare
700 3226 891 3285 Limp0‚
919 3226 986 3272 O.
1019 3224 1191 3271 Carm.
1218 3222 1390 3271 Adfuit
1410 3239 1548 3270 conc.
1567 3223 1680 3269 trid.
1705 3222 1861 3282 Obiit,
1882 3221 2010 3279 1558.
2034 3221 2201 3266 GAMS.

314 3304 332 3329 ²
394 3300 619 3346 Thuribii
640 3301 821 3360 L6pez.

308 3378 327 3403 ³
388 3377 568 3421 Rector
589 3375 742 3420 scilic.
766 3375 964 3433 collegii
991 3375 1412 3432 conimbricensiS,
1448 3374 1505 3418 P.
1539 3374 1769 3420 Urbanus
1805 3369 2102 3416 Fernandez.
2139 3367 2263 3412 Vide

220 3451 494 3508 POLANCO,
518 3456 557 3494 t.
587 3461 640 3507 11,
664 3463 777 3509 pag.
806 3448 907 3507 135,
931 3465 981 3494 n.
1000 3448 1106 3505 3223
1130 3463 1243 3508 pag.
1267 3448 1374 3507 357,
1398 3464 1452 3493 n.
1482 3447 1586 3504 395.

311 3526 330 3552 ⁴
392 3524 621 3582 Intellige
637 3525 692 3568 P.
716 3524 1033 3569 Melchiorem
1050 3524 1244 3568 Nufiez.
1273 3523 1401 3567 «Sex
1424 3522 1572 3567 etiam
1588 3523 1681 3566 hoc
1702 3534 1829 3565 anno
1850 3520 1899 3564 in
1922 3517 2106 3562 Indiam
2129 3515 2264 3559 missi

192 3623 196 3626 -
220 3605 352 3656 sunt,
375 3613 581 3657 quorum
602 3605 808 3658 quatuor
828 3598 1110 3643 sacerdotes
1133 3603 1289 3642 erant:
1314 3596 1550 3641 Melchior
1578 3596 1805 3652 Nugnez,
1835 3593 2017 3652 primus
2047 3589 2262 3635 omnium

219 3672 637 3731 scholasticorum,
665 3673 750 3732 qui
778 3673 1079 3718 Societatem
1108 3671 1451 3717 Conimbricae
1473 3670 1684 3728 ingressi
1705 3663 1846 3723 sunt,'
1865 3668 2034 3710 Patres
2057 3664 2264 3709 Gonzal-

224 3761 316 3791 vus
337 3746 634 3805 Rodriguez,
657 3748 866 3792 Morales
897 3752 949 3791 et
970 3745 1201 3791 Heredia:
1241 3746 1338 3790 duo
1359 3746 1507 3790 etiam
1544 3759 1642 3788 non
1678 3742 1976 3797 sacerdotes,
2006 3739 2179 3783 Petrus
2201 3737 2263 3781 de

225 3820 452 3865 Almeida
474 3828 524 3867 et
545 3820 924 3880 Christophorus
944 3820 1006 3865 de
1029 3821 1259 3865 Acosta.»
1283 3821 1586 3875 POLANCUS,
1609 3824 1645 3862 t.
1670 3829 1722 3872 11,
1746 3830 1855 3875 pag.
1876 3814 1980 3872 358,
2002 3828 2050 3858 n.
2070 3811 2172 3869 398.
