2658 4296
428 252 522 308 718
1106 250 1402 294 EPISTOLAE
1434 229 1801 303 MIXTAE-—44o'

1367 549 1515 601 440

1079 671 1435 716 SILVESTER
1466 667 1806 714 LANDINUS

814 783 1076 839 PATRI
1134 782 1502 838 IGNATIO
1560 783 1672 836 DE
1730 780 2091 835 LOYOLA

1113 920 1314 954 MUTINA
1349 907 1400 952 18
1431 907 1583 965 [MAJI]
1617 916 1728 962 1552
1756 910 1786 951 ¹.

433 1029 702 1089 Episcopus
719 1028 1008 1074 mutinensis
1026 1028 1334 1073 obedientiae
1352 1026 1509 1072 Patris
1527 1026 1765 1082 Landino,
1784 1025 2072 1085 interposita
2088 1022 2377 1069 sacramenti
2393 1037 2470 1066 re-

523 1103 730 1163 ligione,
761 1118 871 1149 sese
902 1103 1091 1149 tradere
1121 1102 1532 1162 cupit.—-Anceps
1570 1100 1788 1145 Landino
1818 1101 1879 1144 ab
1909 1098 2099 1158 Ignatio
2135 1097 2325 1158 quaerit
2351 1095 2469 1156 quid

523 1177 827 1237 pientissimo
849 1177 1077 1236 episcopo
1098 1175 1390 1235 respondere
1419 1175 1612 1220 debeat.

1435 1280 1472 1354 †

551 1402 729 1457 Molto
756 1400 869 1455 mio
897 1402 1039 1455 Rdo.
1068 1400 1253 1455 Padre
1273 1399 1366 1455 nel
1386 1407 1580 1454 nostro
1600 1398 1829 1469 Signor.
1858 1399 1938 1452 La
1958 1395 2142 1468 gratia
2161 1396 2253 1452 del
2272 1403 2467 1449 nostro

437 1497 651 1569 Signor
678 1500 723 1551 s’·
755 1505 1060 1568 augmenta
1086 1514 1306 1566 sempre
1333 1495 1392 1549 in
1419 1494 1550 1549 tutti
1576 1494 1689 1549 noi.
1722 1497 1852 1550 Vno
1872 1513 2014 1566 gran
2034 1493 2249 1564 prelato
2269 1493 2288 1519 ²
2312 1491 2390 1545 mi
2412 1491 2466 1546 fa

439 1594 615 1648 molta
641 1591 907 1647 instantia
933 1595 1022 1646 ch'
1051 1591 1108 1646 io
1130 1591 1322 1662 uoglio
1350 1593 1611 1645 accettar’
1642 1591 1681 1644 il
1707 1608 1810 1645 suo
1840 1598 1974 1644 uoto
2002 1588 2380 1654 d’ubidienza,
2410 1595 2469 1642 et

443 1689 659 1762 regersi
684 1697 832 1744 sotto
859 1687 916 1742 di
944 1688 1129 1764 quello
1155 1695 1373 1743 mentre
1399 1688 1491 1740 ch'
1521 1686 1575 1740 io
1607 1688 1662 1741 lo
1697 1686 1889 1757 uoglio
1923 1686 2208 1741 accettar’.
2238 1686 2296 1739 Io
2324 1702 2387 1738 so
2414 1685 2465 1738 c'

443 1785 642 1841 hauria
666 1785 763 1856 piu
789 1784 846 1838 di
871 1783 1114 1855 bisogno
1141 1783 1197 1837 di
1224 1782 1330 1849 cio,
1362 1785 1466 1837 che
1493 1800 1607 1836 non
1633 1784 1707 1836 ha
1728 1782 1786 1835 in
1812 1783 1983 1837 molte
2010 1800 2142 1837 cose
2167 1799 2271 1835 sua
2298 1780 2467 1846 Sria.,

438 1901 604 1938 come
631 1883 703 1936 da
729 1881 986 1951 Bologna
1011 1880 1050 1932 l’
1081 1881 1304 1951 Agosto
1330 1888 1556 1950 passato
1582 1898 1655 1934 ne
1681 1878 1871 1933 scrissi
1898 1897 1930 1932 a
1956 1880 2027 1937 V.
2055 1879 2141 1945 S.,
2166 1885 2222 1932 et
2244 1879 2350 1933 che
2369 1878 2471 1932 de-

439 1979 704 2035 sideraua
730 1985 847 2031 star
880 1993 1146 2047 appresso
1181 1975 1238 2029 di
1271 1975 1457 2046 quella
1490 1993 1591 2045 per
1629 1974 1837 2045 meglio
1870 1973 2050 2028 seruit
2085 1993 2117 2028 a
2150 1981 2342 2027 nostro
2378 1973 2472 2028 Si-

536 2196 550 2221 1
612 2193 686 2237 Ex
707 2191 1005 2249 autographo
1026 2190 1076 2234 in
1094 2191 1191 2236 vol.
1216 2189 1274 2246 C,
1294 2190 1437 2235 unico
1459 2189 1592 2245 folio,
1616 2204 1664 2234 n.
1687 2189 1763 2246 65,
1786 2190 1919 2248 prius
1941 2190 2022 2235 68.

531 2271 548 2295 ²
611 2267 668 2310 In
689 2279 771 2310 ora
791 2266 986 2310 chartae
1009 2265 1247 2309 Polancus
1270 2279 1357 2309 sua
1379 2263 1574 2323 scripsit
1596 2278 1757 2308 manu:
1785 2266 2000 2321 «Questo
2022 2279 2111 2309 era
2133 2265 2173 2309 il
2194 2279 2390 2310 vescovo
2412 2265 2472 2310 de

442 2333 717 2387 Modenassn
739 2339 874 2384 Idem
896 2345 1062 2383 auctor
1084 2339 1134 2383 in
1155 2337 1398 2384 Chronico
1419 2339 1543 2383 hanc
1565 2338 1821 2397 epistolam
1839 2339 2076 2394 adhibuit,
2095 2346 2135 2384 t.
2161 2350 2213 2398 11,
2230 2353 2341 2398 pag.
2365 2349 2471 2396 452,

441 2432 493 2462 n.
518 2415 591 2474 89:
617 2414 728 2459 «Sic
749 2413 810 2458 de
832 2414 891 2458 P.
924 2414 1177 2472 Sylvestro
1199 2413 1443 2458 sentiebat
1465 2412 1754 2458 mutinensis
1778 2414 2065 2472 Episcopus,
2089 2419 2143 2458 ut
2164 2414 2359 2458 omnino
2380 2414 2474 2459 sub

444 2489 552 2548 ejus
573 2487 853 2534 obedientia
874 2487 979 2545 regi
1002 2489 1170 2543 vellet,
1193 2494 1484 2546 rogaretque
1507 2487 1815 2546 Sylvestrum
1837 2494 1891 2532 ut
1907 2494 2075 2533 votum
2093 2502 2252 2545 suum,
2270 2487 2401 2548 quod
2413 2487 2474 2534 de

436 2563 724 2610 >obedientia
745 2562 791 2607 ei
808 2562 1097 2621 praestanda
1114 2562 1338 2606 emittere
1356 2563 1572 2620 volebat,
1593 2561 1890 2621 admitteret,
1908 2577 2019 2607 nam
2036 2577 2090 2607 se
2107 2562 2475 2622 inspirationem

446 2637 508 2682 ad
528 2637 578 2682 id
599 2637 844 2699 internam>
862 2635 1045 2680 sentire
1067 2636 1393 2680 affirmabat.»
1418 2635 1474 2679 Id
1495 2635 1653 2694 ipsum
1677 2635 2041 2695 ORLANDINUS,
2063 2638 2197 2681 Hist.
2224 2637 2331 2683 Soc.
2346 2638 2475 2696 ses„

446 2727 494 2771 p.
526 2723 560 2769 1,
599 2711 685 2756 lib.
718 2708 903 2766 X1v,'n.
936 2708 1010 2767 33,
1043 2709 1218 2754 litteris
1250 2708 1519 2754 mandavit:
1561 2709 1858 2768 «Episcopus
1888 2709 2205 2770 Mutinensis,
2237 2711 2476 2769 Aegidius

417 2815 422 2823 -
447 2785 775 2840 Foscararius,
807 2798 834 2828 e
864 2797 1000 2828 sacra
1036 2783 1465 2828 Dominicanorum
1503 2783 1702 2839 familia,
1735 2784 1796 2828 ad
1825 2785 2070 2842 Ignatium
2100 2785 2150 2830 in
2177 2787 2297 2830 haec
2326 2788 2476 2831 verba

442 2860 665 2919 scripsit:
697 2856 1023 2915 Beneficium,
1054 2857 1182 2916 quod
1211 2872 1297 2917 per
1327 2863 1377 2901 te
1408 2857 1525 2902 mihi
1554 2859 1708 2916 Deus,
1734 2873 1969 2904 concesso
1991 2859 2248 2917 Silvestro,
2272 2862 2477 2920 largitus

446 2941 541 2993 est,
563 2934 758 2979 videtur
778 2932 896 2977 mihi
918 2931 1151 2990 omnium,
1173 2946 1297 2991 quae
1318 2939 1611 2977 consecutus
1641 2948 1766 2992 sum,
1798 2935 2085 2981 maximum.
2103 2968 2114 2980 .
2129 2970 2139 2980 .
2163 2937 2309 2981 Tanti
2330 2935 2476 2981 facie-

444 3012 531 3055 bat
552 3009 860 3064 Silvestrurn,
884 3013 939 3051 vt
960 3007 1006 3051 ei
1028 3021 1082 3051 se
1107 3013 1262 3051 totum
1295 3007 1564 3064 regendum
1595 3007 1824 3066 traderet,
1851 3015 1901 3053 et
1930 3010 2260 3064 obedientiam
2282 3026 2475 3071 quoque

444 3098 628 3129 vovere
649 3088 836 3128 certum
858 3095 914 3126 ac
934 3080 1086 3125 fixum
1107 3082 1396 3125 haberet...»

536 3158 614 3203 Cf.
638 3158 909 3214 POLANCO,
941 3156 975 3200 l.
1007 3170 1048 3200 c.
1082 3170 1192 3214 pag.
1223 3154 1436 3213 452-453,
1470 3156 1553 3201 ubi
1584 3156 1633 3201 in
1662 3164 1829 3202 annot.
1861 3170 1887 3202 2
1908 3160 2029 3204 haec
2050 3161 2111 3204 ab
2135 3160 2325 3218 Ignatio
2347 3176 2479 3207 com-

445 3232 673 3278 mendata
695 3230 912 3275 Landino
934 3230 1159 3287 legimus:
1187 3231 1473 3288 «PolancuS,
1496 3246 1553 3275 ex
1570 3246 1691 3276 com.
1716 3239 1769 3276 ut
1791 3234 1986 3278 omnino
2007 3242 2145 3280 curet
2165 3250 2228 3279 ne
2251 3236 2480 3297 Episcopi

445 3306 736 3352 Mutinensis
766 3319 883 3362 erga
912 3304 1209 3348 Societatem
1238 3306 1584 3350 benevolentia
1613 3306 1872 3363 minuatur,
1902 3323 2026 3367 quae
2057 3309 2118 3353 ad
2140 3315 2211 3353 tot
2231 3310 2309 3368 pia
2333 3324 2480 3370 opera

442 3388 548 3426 tum
579 3380 795 3426 Mutinae
828 3386 931 3424 tum
962 3379 1147 3423 Romae
1181 3379 1500 3424 sustentanda
1522 3380 1655 3425 utilis
1689 3388 1785 3426 est.
1826 3382 2072 3428 Minuetur
2103 3390 2283 3442 autem,
2309 3385 2350 3430 si
2381 3400 2479 3432 non

433 3455 598 3515 ipsum
620 3454 885 3514 prudenter
915 3459 1111 3498 moneat
1141 3453 1502 3512 prudenterque
1533 3461 1697 3499 utatur
1725 3462 1987 3514 potestate,
2010 3472 2155 3517 quam
2177 3458 2270 3517 ipsi
2292 3460 2481 3506 confert

439 3530 573 3589 pium
595 3529 862 3584 vinculum,
886 3541 982 3587 quo
1005 3528 1051 3572 ei
1073 3528 1341 3586 Episcopus
1363 3528 1621 3574 devinctus
1645 3537 1737 3575 est.
1771 3531 1827 3574 28
1857 3532 2363 3590 Junii.»—Caeterum
2384 3549 2480 3594 quo

438 3610 658 3662 tempore
682 3602 931 3648 Landinus
954 3602 1145 3660 Ignatio
1169 3601 1424 3660 epistolam
1447 3603 1570 3647 hanc
1593 3604 1855 3658 scribebat,
1883 3605 1983 3664 jam
2012 3606 2246 3652 Tridento
2269 3608 2481 3654 redierat

441 3677 711 3736 Foscarari,
744 3677 828 3722 ubi
858 3675 1166 3736 splendidum
1196 3675 1257 3720 de
1288 3676 1455 3720 Lainio
1491 3684 1541 3721 et
1571 3678 1851 3724 Salmerone
1888 3681 2090 3739 protulit
2126 3682 2474 3738 testimonium,

439 3751 572 3810 quod
593 3753 744 3797 habes
768 3753 817 3797 in
845 3751 1026 3798 Cartas
1048 3753 1106 3797 de
1132 3752 1238 3796 San
1259 3752 1484 3812 Ignmio,
1510 3758 1549 3795 t.
1579 3764 1649 3810 111,
1674 3768 1789 3812 pag.
1819 3765 1846 3810 7
1869 3756 1928 3799 ad
1950 3758 2156 3803 calcem.
