2618 4152
0 140 7 147 .
0 0 33 112 W&

1073 315 1076 316 ⁷
1090 320 1174 355 AD·
1193 317 1477 355 LECTOREM
2249 320 2267 353 Ι
2279 321 2297 353 1

246 438 441 494 nostri
466 457 591 495 esse
617 437 1000 510 percupidam,
1038 446 1103 491 ut
1130 435 1332 493 merito
1368 435 1586 491 diceres
1619 437 1984 508 Complutum
2013 438 2130 506 jam
2167 445 2305 490 tunc

259 566 395 605 vere
428 549 728 606 Societatis
760 547 1124 606 seminarium
1168 546 1448 603 extitisse:
1485 547 1696 602 civium
1731 548 1947 602 animos
1982 557 2303 603 nostrorum

259 660 449 715 studio
478 661 675 726 teneri;
706 660 843 731 quin
870 659 1040 716 etiam
1068 660 1140 714 ad
1167 661 1519 714 conchenses
1544 658 1685 714 illud
1710 660 1959 713 studium
1988 659 2298 724 transiisse,

260 753 562 827 societatis
587 770 931 826 domicilium
959 771 1331 842 deposcentes
1360 771 1448 842 (18
1477 770 1729 840 octos).
1763 771 1991 849 Sea-ut
2013 770 2070 823 in
2098 773 2298 823 huma-

260 881 348 935 nis
375 891 510 936 sunt
534 883 681 936 mala
706 881 870 935 bonis
897 881 1194 952 permixta,
1225 899 1257 936 e
1279 882 1528 936 toletana
1548 880 1782 952 regione
1809 881 2030 935 coelum
2052 880 2302 934 nubibus

257 993 668 1059 obducebatur,
694 992 901 1062 quibus
919 993 1310 1063 Complutum,
1334 992 1489 1047 haud
1508 992 1688 1046 multo
1709 1000 1856 1063 post,
1881 992 2301 1045 obvolvendum

255 1112 396 1159 erat.
422 1103 680 1159 Antistes
704 1103 856 1158 enim
884 1104 1283 1172 toletanorum,
1315 1106 1591 1158 Martinez
1625 1102 1885 1168 SiliceuS‚
1925 1111 1990 1156 ut
2025 1120 2172 1155 anno
2199 1121 2301 1156 su—

255 1213 461 1285 periori
506 1213 761 1268 innuitur
797 1217 882 1286 (31
936 1214 1508 1285 Octob.),‘infestum
1542 1214 1707 1269 nobis
1742 1215 1979 1285 gerebat
2024 1213 2295 1278 animum,

256 1341 364 1380 nec
389 1325 613 1396 placare
639 1343 771 1381 eum
792 1327 901 1380 hoc
921 1344 1071 1381 anno
1091 1325 1277 1396 potuit
1295 1325 1550 1381 oratione
1571 1344 1675 1380 sua
1695 1327 1762 1380 P.
1796 1325 2039 1380 Michael
2065 1325 2137 1378 de
2158 1326 2303 1378 Tor—

258 1453 367 1502 reS,
398 1436 577 1491 veteri
602 1435 683 1490 illi
702 1436 942 1506 junctus
962 1435 1209 1491 amicitia
1236 1438 1327 1509 (30
1346 1436 1542 1509 Junii).

366 1549 421 1604 Is
446 1549 976 1604 salmanticensibus
1009 1558 1267 1620 praeerat
1302 1557 1603 1620 potestate3
1643 1557 1701 1603 et
1735 1548 1915 1603 solitis
1949 1546 2301 1603 exercitatio-

253 1658 422 1714 nibus
448 1658 812 1714 christianam
838 1678 958 1716 rem
984 1661 1381 1732 promovebat,
1420 1659 1743 1730 civiumque
1778 1659 1996 1714 animos
2031 1657 2302 1715 Societati

254 1769 611 1829 conciliabat.
660 1772 782 1827 Nec
827 1771 1060 1826 urbanis
1104 1771 1403 1827 moenibus
1450 1780 1755 1827 contentus
1770 1813 1782 1837 ‚
1820 1773 2083 1843 BurgOS,
2099 1799 2101 1801 ·
2119 1769 2304 1824 cardi-

256 1881 372 1937 nali
422 1883 701 1938 Mendoza
745 1882 1115 1955 efflagitante,
1165 1883 1350 1938 socios
1403 1882 1554 1938 misit
1608 1883 1707 1954 (30
1752 1882 1937 1955 Junii,
1990 1898 2053 1951 31
2114 1883 2299 1952 Aug,

239 1994 296 2048 -6
330 1995 532 2065 Sept.).

369 2107 492 2161 Nec
504 2104 808 2163 dissimiles
825 2114 987 2161 erant
1006 2106 1249 2174 sodales,
1269 2106 1368 2178 qui
1387 2107 1624 2162 Pintiae
1641 2105 1817 2161 vitam
1834 2106 2139 2177 degebant.
2167 2106 2304 2175 Quo

261 2217 490 2272 tandem
517 2217 710 2284 fiebat,
744 2226 806 2272 ut
834 2217 1091 2274 Societas
1109 2221 1249 2292 Jesu
1276 2218 1461 2290 magis
1487 2218 1784 2291 magisque
1810 2218 1868 2272 in
1903 2217 2023 2272 dies
2049 2216 2308 2287 singulos

255 2300 722 2400 cognosceretur,
764 2338 1050 2385 amaretur
1082 2348 1116 2384 a
1150 2329 1428 2401 pluribuS,
1465 2348 1704 2402 eamque
1737 2330 1885 2385 inter
1920 2329 2057 2384 alias
2092 2327 2304 2398 Hispa-

246 2437 386 2494 ·niae
412 2437 734 2510 provincias
760 2447 819 2493 et
844 2438 1103 2495 civitates
1128 2439 1418 2495 Gallaecia
1444 2448 1503 2495 et
1534 2442 1867 2511 Methymna
1903 2439 2102 2510 Campi
2129 2456 2303 2509 expe⁴

258 2558 445 2605 terent
473 2550 546 2622 (4,
585 2564 649 2618 17
677 2550 852 2621 Maji).
879 2567 883 2570 ’

370 2662 870 2734 Caesaraugustae
895 2663 965 2718 lis
992 2663 1227 2734 antiqua
1252 2665 1324 2720 de
1350 2667 1520 2720 domo
1547 2665 1964 2719 conservatoris
1997 2663 2302 2734 diplomate

254 2773 538 2845 pontificis
563 2774 875 2846 composita
899 2775 1202 2833 videbatur
1223 2778 1314 2849 (26
1335 2778 1539 2849 Sept.);
1566 2777 1808 2843 tametsi,
1832 2795 2016 2831 novae
2036 2776 2303 2829 subortae

254 2884 617 2955 quaestiones
643 2886 791 2947 inter
810 2889 1040 2944 Annam
1060 2889 1350 2945 Gonzalez
1370 2890 1610 2960 ejusque
1633 2890 1852 2955 fratreS‚
1877 2906 1996 2943 rem
2018 2886 2299 2941 turbidam

245 2997 646 3053 reddiderunt.
679 3013 682 3015 ’

370 3110 531 3165 Haec
557 3105 638 3165 de'
656 3109 942 3167 Societate
968 3111 1028 3166 in
1054 3112 1332 3184 Hispania
1357 3113 1509 3168 dicta
1535 3113 1837 3168 sufficiant.

365 3220 423 3292 b)
498 3222 584 3275 Ex
611 3223 984 3294 Portugallia
1010 3225 1294 3280 habentur
1320 3224 1592 3295 epistolae
1621 3237 1672 3293 5.
1707 3226 1928 3278 Harum
1954 3239 1991 3291 4
2018 3221 2297 3276 sociorum

235 3340 412 3400 sunt,
442 3331 651 3402 quibus
677 3350 874 3388 eorum
899 3335 1205 3407 praecipue
1225 3345 1353 3391 acta
1372 3345 1759 3392 recensentur.
1785 3337 1932 3390 Cum
1953 3333 2101 3388 enim
2123 3330 2300 3385 nostri

256 3441 734 3500 conimbricenses
780 3446 1061 3517 angustiis
1106 3447 1331 3519 collegii
1375 3456 1786 3519 premerentur,
1817 3442 2119 3514 essentque
2154 3460 2297 3495 non-

257 3554 398 3608 nulli
423 3556 660 3611 molesta
694 3557 882 3612 affecti
918 3558 1265 3625 valetudine,
1302 3560 1375 3613 ad
1411 3558 1518 3616 Sti.
1557 3558 1762 3615 Felicis
1800 3556 2118 3618 stationem,
2153 3570 2300 3622 quae

240 3665 573 3721 'salubriore
607 3667 786 3723 utitur
820 3670 1003 3738 coe10‚
1041 3669 1197 3725 missi
1231 3678 1387 3739 sunt,
1421 3679 1484 3726 ut
1518 3670 1669 3725 vires
1694 3670 1994 3726 reficerent
2019 3664 2301 3732 simulque

240 3777 466 3832 studiis
490 3788 856 3849 operarentur
902 3783 990 3853 (22
1011 3782 1188 3855 Junii,
1222 3798 1286 3851 31
1327 3783 1529 3853 Aug.):
1562 3781 1654 3836 alii
1680 3798 1816 3835 vero
1844 3788 1907 3833 ut
1932 3779 1990 3831 in
2015 3774 2300 3848 proximo-
