2658 4296
448 288 549 355 ,930

516 408 620 465 708,
645 418 748 464 7093
772 412 966 450 recusat
995 419 1105 449 esse
1128 403 1233 460 regi
1263 416 1291 445 a
1319 413 1431 443 eon-

511 480 830 537 sessionibus,
867 488 972 535 707,
1004 488 1087 534 721
1122 482 1172 521 et
1208 485 1364 532 seqq.;
1404 485 1432 514 a

509 569 628 599 cura
649 555 883 598 liberatur
911 551 1140 596 audiendi
1169 546 1432 594 confessio-

483 642 600 679 ⁴nes
637 625 891 686 principis,
921 635 1027 683 749:
1059 624 1121 669 de
1150 625 1296 668 rebus
1325 633 1432 677 gra-

510 701 726 746 vissimis
756 699 997 744 lusitanae
1018 696 1296 758 provinciae
1319 693 1433 738 scri-

511 775 584 820 bit
606 775 817 832 Ignatio,
835 783 942 831 774-
927 772 1051 831 -776,
1069 771 1174 829 782,
1192 768 1295 826 7833
1315 767 1432 827 quid

506 849 571 894 de
609 849 796 894 Mirone
835 847 1035 903 sentiat,
1072 846 1213 897 ibid„
1253 843 1335 887 801
1382 848 1432 887 et

511 936 668 982 seqq.;
700 920 880 966 frustra
911 925 1114 964 conatur
1143 924 1197 962 ut
1226 916 1432 961 Michael

511 996 699 1041 G6mez
735 993 1011 1052 resipiscat,
1042 992 1145 1047 8113
1177 990 1323 1034 falsas
1352 989 1433 1033 ad-

511 1086 684 1116 versus
706 1070 951 1127 Ignatium
973 1065 1334 1112 criminationes
1363 1063 1434 1108 di-

511 1139 620 1203 l'ui-t,
643 1143 730 1188 812
753 1150 803 1188 et
825 1157 983 1201 seqq.,
1005 1139 1092 1184 838
1115 1145 1165 1183 et
1187 1153 1321 1197 seqq.

449 1218 699 1264 Gonzalez
721 1217 782 1261 de
801 1214 1152 1272 Villasimplez,
1174 1210 1430 1268 Alduncia,

510 1297 967 1348 caesaraugustana,
1009 1286 1244 1332 Societati
1285 1285 1432 1330 aedes

512 1365 670 1410 offert:
705 1378 816 1408 cum
846 1361 948 1407 suis
986 1360 1215 1405 fratribus
1253 1359 1430 1417 litigat,

507 1448 556 1496 7,
581 1437 656 1495 33,
681 1447 755 1493 55,
778 1435 854 1491 88,
878 1445 1062 1492 97-100,
1090 1431 1298 1487 106-108,
1329 1431 1431 1489 134-

516 1511 617 1568 137,
645 1510 746 1568 143,
774 1509 874 1565 165,
903 1507 1001 1563 1663
1029 1506 1432 1564 St0.1gnatiore-

511 1585 606 1630 fert
627 1585 840 1644 diploma
861 1581 1104 1641 pontificis
1127 1595 1224 1624 non
1247 1595 1342 1624 uno
1360 1579 1430 1623 vi-

511 1658 580 1702 tio
601 1659 838 1709 laborare,
862 1655 963 1712 169,
986 1653 1195 1712 173-174,
1214 1652 1425 1710 216-2213

512 1731 719 1775 arbitros
756 1730 818 1774 ad
853 1727 1236 1787 componendam
1272 1727 1425 1781 litem,

508 1805 574 1850 de
597 1802 842 1849 sententia
871 1802 1051 1860 Ignatii
1081 1801 1293 1856 adhibet,
1321 1801 1426 1860 226,

509 1889 615 1935 227,
641 1889 746 1936 241,
777 1877 888 1933 2663
921 1875 1164 1921 desiderio
1196 1876 1348 1929 ardet,
1373 1883 1428 1922 ut

508 1967 656 2012 quam
684 1951 893 2011 primum
922 1950 1143 1994 Societas
1173 1950 1319 1994 aedes
1349 1965 1427 1994 oc-

509 2014 674 2085 cupet,
706 2023 921 2083 279—282,
954 2023 1177 2080 462—467;
1210 2039 1336 2069 nova
1366 2025 1424 2069 lis

509 2101 798 2159 intenditur,
822 2101 926 2158 584,
956 2099 1062 2157 731,
1084 2109 1189 2156 742.

446 2178 698 2224 Gonzalez
718 2176 780 2220 de
802 2174 1154 2232 Villasimplez,
1174 2174 1332 2232 Anna,
1351 2190 1427 2220 so-

508 2267 587 2297 ror
610 2248 900 2307 Aldunciae,
931 2248 1011 2293 cui
1038 2248 1087 2292 in
1120 2249 1318 2305 negotio
1349 2264 1428 2294 ae-

507 2325 640 2370 dium
663 2338 859 2368 suarum
881 2328 1117 2383 perpetuo
1145 2321 1429 2367 adversatur

508 2399 956 2455 Caesaraugustae,
1005 2406 1083 2454 11,
1130 2406 1200 2454 19,
1242 2406 1426 2455 97-100,

512 2470 613 2530 143,
641 2470 742 2528 166,
766 2479 980 2527 217-221,
1004 2468 1107 2523 282,
1129 2468 1234 2525 4663
1260 2476 1310 2514 et
1333 2471 1427 2514 Ro-

507 2558 633 2602 mae,
657 2543 742 2588 ubi
770 2557 849 2587 res
878 2542 1178 2600 disceptatur
1210 2549 1259 2586 et
1290 2543 1426 2588 litem

506 2618 608 2663 suis
643 2616 875 2661 fratribus
911 2615 1139 2671 intendit,
1178 2616 1280 2672 584,
1320 2616 1425 2675 743,

507 2700 613 2748 749,
639 2689 744 2746 844·

442 2759 696 2810 Gon'zalez
715 2762 777 2807 de
807 2763 1160 2821 Villasimplez,
1191 2763 1422 2820 Joannes,

505 2844 643 2897 pater
672 2836 944 2882 Aldunciae
974 2835 1176 2894 ejusque
1203 2835 1422 2897 fratrum,

503 2918 820 2957 conservator
862 2911 1137 2969 Aragoniae
1160 2944 1171 2966 ,
1213 2910 1270 2955 32
1292 2946 1303 2968 ,
1346 2923 1421 2969 95,

510 2996 612 3045 107,
639 2985 739 3044 108,
775 2984 875 3042 135,
911 2994 1013 3043 157,
1047 2984 1148 3042 165,
1183 2984 1285 3042 166,
1317 2996 1423 3043 217-

506 3071 611 3104 220.

439 3132 692 3178 Gonzalez
726 3131 789 3176 de
817 3131 1169 3191 Villasimplez,
1208 3134 1423 3191 Joannes

504 3205 800 3264 Ludovicus,
823 3204 1182 3250 conservatoris
1202 3205 1347 3260 filius,
1373 3215 1423 3253 et

503 3279 608 3338 ipse
630 3287 946 3325 conservator
963 3279 1256 3339 Aragoniae,
1273 3281 1423 3327 frater

504 3353 794 3412 Aldunciae,
823 3354 903 3398 cui
939 3353 1079 3398 initio
1116 3353 1420 3412 adversatur,

501 3426 579 3486 33,
600 3426 677 3486 96,
704 3426 803 3484 137,
840 3426 941 3485 166,
974 3426 1077 3483 218;
1107 3442 1134 3471 a
1162 3427 1309 3486 Rojas
1339 3444 1422 3475 vo-

495 3507 637 3545 catur
658 3500 806 3545 etiam
825 3501 1142 3553 secretarius,
1173 3500 1277 3558 266;
1308 3517 1422 3549 con-

499 3572 711 3619 cordiam
741 3589 852 3619 cum
891 3573 1132 3619 Alduncia
1167 3574 1275 3634 init,
1314 3587 1416 3634 2413

493 3648 712 3692 animum
744 3647 903 3693 induit
940 3647 1175 3693 Societati
1203 3649 1418 3696 benevo-

495 3719 614 3772 lum,
636 3721 777 3774 ibid,
801 3721 908 3780 462,
929 3720 1035 3778 465;
1055 3721 1160 3779 584,
1179 3721 1282 3779 5853
1302 3737 1414 3769 suas

490 3792 640 3838 aedes
663 3794 850 3854 vendit,
873 3794 979 3854 671,
1001 3793 1107 3851 731,
1130 3805 1216 3852 742

1372 280 1587 324 Inmcsss

1521 396 1770 442 Gonzalez
1791 398 1852 442 de
1875 397 2227 458 Villasimplez,
2252 401 2507 458 Melchior,

1578 470 1729 516 frater
1750 471 1952 529 Joannis
1974 473 2229 529 Ludovici,
2255 474 2427 520 Annae
2450 483 2501 521 et

1581 544 1870 604 Aldunciae,
1902 545 1978 604 96,
2021 557 2122 605 100,
2165 547 2265 606 166,
2303 561 2502 594 concor-

1579 618 1708 663 diam
1729 619 1837 678 init,
1861 631 1966 679 241,
1989 620 2094 679 266,
2116 622 2221 678 465.

1521 693 1804 752 Gordonus,
1843 695 2154 754 Franciscus,
2198 696 2250 741 S.
2295 699 2364 757 J.,
2406 699 2500 743 Ro-

1581 783 1708 812 mam
1725 768 1867 827 petit,
1887 769 1993 814 686.

1522 841 1754 887 Gottano.
1779 842 1904 888 Vide
1927 843 2164 889 Guttano.

1502 916 1651 974 ¹Gou,
1687 917 1950 976 Antonius,
1980 917 2037 962 S.
2079 919 2144 976 J.,
2176 920 2360 977 gratias
2397 921 2501 979 agit

1581 989 1711 1048 quod
1732 989 1782 1034 in
1804 990 2103 1035 Societatem
2127 991 2274 1037 fuerit
2302 1001 2501 1053 coopta-

1583 1070 1679 1118 tus,
1717 1062 1873 1122 43—46,
1912 1074 1986 1120 51,
2026 1063 2100 1123 53,-
2136 1078 2211 1122 92³
2248 1076 2349 1123 171²
2395 1077 2498 1125 1725

1528 1140 1531 1142 ’
1583 1137 1687 1196 208,
1711 1149 1814 1194 210;
1839 1145 2042 1195 argento
2073 1146 2329 1184 emunctus
2359 1155 2388 1184 a
2418 1155 2501 1200 po—

1582 1212 1686 1255 laco
1733 1212 1958 1256 Floriano
2007 1212 2143 1256 Rolis
2162 1246 2175 1266 ,
2221 1212 2307 1269 523
2329 1250 2340 1272 ,
2392 1224 2496 1271 527;

1581 1284 1830 1342 Ognatum
1852 1285 2004 1330 venit:
2030 1286 2136 1344 ejus
2154 1301 2300 1345 opera
2316 1288 2366 1332 in
2383 1289 2501 1333 scri-

1581 1359 1742 1403 bendo
1765 1360 1917 1404 utitur
1941 1361 2117 1417 Araoz,
2143 1360 2356 1421 563-568,
2389 1362 2497 1420 596-

1579 1433 1683 1489 6003
1727 1433 1864 1478 illum
1906 1434 2107 1480 adhibet
2142 1436 2347 1496 socium,
2384 1438 2495 1493 615-

1578 1508 1684 1565 617,
1720 1506 1943 1566 628-631,
1981 1506 2085 1564 637,
2130 1508 2351 1566 805-8073
2397 1525 2495 1555 non

1578 1586 1743 1625 tamen
1779 1580 1927 1625 audet
1956 1581 2183 1626 eumdem
2204 1596 2495 1640 promovere

1578 1654 1639 1697 ad
1666 1668 1829 1699 sacros
1859 1653 2074 1712 ordines,
2108 1654 2213 1713 836,
2244 1654 2349 1715 837,
2387 1656 2493 1714 851,

1577 1726 1682 1786 852,
1705 1727 1918 1784 878-881.

1519 1801 1706 1854 Govea‚
1731 1802 1787 1846 P.
1813 1803 2027 1860 Joannes
2043 1839 2054 1861 ,
2077 1802 2128 1847 S.
2154 1804 2222 1862 J.,
2244 1803 2350 1861 406.
2402 1825 2412 1860 g

1518 1874 1708 1934 Govea‚
1730 1873 1790 1919 P.
1822 1876 2061 1934 Ignatius,
2086 1876 2137 1921 S.
2163 1879 2231 1936 J.,
2254 1877 2364 1934 406.

1517 1949 1700 2003 Gralla,
1725 1950 1977 2009 Guiomar,
1999 1950 2102 2007 378.

1517 2023 1698 2082 Grana,
1722 2025 1777 2068 P.
1803 2024 2082 2069 Ludovicus
2111 2025 2192 2084 de,
2223 2026 2279 2071 S.
2318 2028 2385 2085 J.,
2417 2041 2495 2071 su-

1574 2097 1818 2155 spiciones
1839 2097 1901 2142 de
1924 2097 2006 2143 illo
2028 2105 2290 2158 conceptas
2311 2100 2366 2144 P.
2395 2100 2493 2144 San

1575 2170 1757 2228 Miguel
1779 2171 2021 2230 dissolvit,
2039 2173 2251 2231 794-798.

1517 2244 1760 2303 Granada,
1779 2246 1840 2289 V.
1852 2247 1930 2290 Fr.
1951 2246 2230 2291 Ludovicus
2247 2246 2327 2305 de,
2337 2246 2400 2294 O.
2412 2248 2467 2292 P.
2477 2280 2489 2303 ,

1579 2318 1663 2375 163
1707 2318 1915 2378 insignis
1965 2320 2150 2365 amicus
2209 2321 2488 2374 Societatis,

1574 2392 1679 2449 620;
1705 2407 1826 2452 opus
1849 2395 1926 2439 De
1956 2395 2008 2439 la
2036 2395 2260 2440 Oracidn
2275 2411 2307 2454 y
2335 2385 2493 2440 rhedi-

1574 2468 1740 2512 tacidn
1776 2467 2006 2513 fratribus
2037 2468 2252 2514 Antonio
2289 2476 2340 2514 et
2370 2471 2494 2515 Lau-

1572 2540 1731 2585 rentio
1752 2540 1814 2585 de
1836 2540 2062 2587 Cordoba
2082 2542 2230 2600 dicat,
2253 2552 2357 2599 701.

1514 2606 1713 2674 Grassa,
1736 2617 1852 2660 urbs
1875 2616 2187 2673 Germaniae,
2208 2617 2314 2662 820.

1513 2688 1652 2742 Grin,
1678 2690 1898 2743 Carolus,
1920 2691 1970 2735 S.
1992 2692 2044 2749 J.
2068 2690 2391 2735 Vindobonae
2409 2690 2496 2735 do-
2581 2695 2589 2701 “

1571 2769 1670 2821 cet,
1688 2772 1793 2820 799.

1513 2836 1813 2896 Gropperus,
1836 2839 2070 2896 Joannes,
2094 2838 2197 2896 584.

1512 2911 1729 2970 Grosso,
1771 2914 1987 2970 Joannes
2027 2914 2140 2958 Bta.
2231 2913 2489 2972 episeopus

1568 2985 1802 3044 rheginus
1832 2988 2070 3076 (Reggio,
2095 2989 2315 3049 Regium
2349 2988 2490 3047 Lepi-

1569 3060 1665 3117 di),
1689 3060 1794 3116 781.

1508 3132 1831 3192 Guadalajara
1873 3135 1899 3193 (
1911 3134 2288 3181 Guadalaxara
2302 3135 2327 3194 )
2370 3137 2487 3180 urbs

1569 3207 1836 3267 Hispaniae
1851 3244 1862 3264 ‚
1906 3208 2023 3266 3003
2066 3210 2274 3255 Estrada
2314 3211 2489 3269 plausu

1568 3282 1782 3327 omnium
1798 3284 2132 3338 concionatur,
2143 3283 2250 3343 330,
2260 3282 2343 3329 331
2351 3317 2365 3337 ,
2383 3282 2468 3339 375
2477 3317 2488 3339 ,

1569 3354 1674 3412 387.

1510 3428 1746 3489 Gualbes,
1770 3431 1985 3488 Joannes
2002 3433 2365 3490 Bonaventura,
2382 3432 2492 3475 bar—

1568 3503 1864 3557 cinonensis,
1888 3516 1993 3562 424,
2019 3517 2123 3564 514.

1509 3577 1741 3636 Guardia,
1763 3580 1901 3638 regio
1923 3580 2222 3634 Lusitaniae,
2247 3581 2491 3625 excolitur

1566 3667 1594 3696 a
1615 3653 1814 3712 nostris,
1835 3664 1941 3712 491.

1507 3725 1724 3772 Guarino
1741 3729 1819 3772 vel
1838 3728 2102 3782 Guarinus,
2119 3728 2488 3788 grammaticus,

1566 3798 1652 3844 860
1664 3835 1672 3844 .
