2658 4296
1083 254 1136 303 15
1168 245 1307 302 jum
1340 254 1455 301 1549
1490 222 1492 225 ’
2207 257 2292 303 251

236 374 472 445 signore
498 372 632 439 mi0,
662 390 765 444 per
791 374 939 427 altro
965 372 1136 427 modo
1161 369 1419 442 potentia
1444 388 1561 424 non
1587 373 1662 422 m’
1695 372 1727 424 e
1752 371 1886 424 dato
1912 380 2073 441 poter
2101 390 2295 428 remu—

237 473 451 536 nerar'‚
479 470 691 540 perche
712 479 865 524 tesor
890 469 944 524 31
972 468 1183 522 mondo
1209 485 1328 521 non
1352 466 1394 520 il
1419 466 1725 531 meriteria,
1756 469 2038 537 preghero
2066 469 2102 521 Γ
2136 468 2295 524 altis-

241 567 388 621 simo
409 565 671 636 Signore,
697 567 806 621 che
824 565 918 620 del
940 572 1092 618 tutto
1114 565 1147 619 e
1167 571 1579 630 remunerator,
1597 580 1696 633 per
1718 581 1809 616 me
1830 581 1930 632 per
1950 582 2054 616 sua
2074 563 2298 620 infinita

242 662 395 733 pieta
422 670 480 717 et
505 660 891 716 misericordia
916 661 1170 731 degnare
1196 659 1245 714 si
1282 658 1478 730 uoglia
1504 659 1854 712 remunerar'
1892 659 1953 714 S.
1993 661 2065 713 V.
2105 661 2298 716 Penso

243 760 350 813 che
376 758 524 813 della
558 756 791 812 sconcia
825 756 1156 811 dishonesta
1200 765 1259 812 et
1304 755 1524 826 grande
1568 754 1897 808 domandita
1922 758 2047 809 sara
2081 764 2296 812 restato

242 857 304 912 S.
337 856 410 909 V.
442 854 735 909 admirata.
770 853 847 908 M’
878 855 911 908 e
938 861 1088 907 stato
1114 851 1260 907 ditto
1280 854 1388 913 che
1408 869 1523 905 non
1544 850 1827 904 domanda
1852 850 1963 904 mai
1990 853 2172 920 pocho
2193 869 2297 921 per

203 948 210 956 ’
239 953 419 1006 hauet
447 949 613 1017 assai,
644 970 678 1007 e
703 949 857 1020 dipoi
885 948 1058 1003 satiar
1085 966 1201 1003 non
1227 947 1304 1001 mi
1330 956 1543 1019 poteua
1567 946 1784 1002 cosedi
1809 946 1942 1014 Dio,
1973 965 2071 1016 per
2099 966 2295 1016 posser

238 1046 451 1118 meglio
477 1049 732 1117 sparger'
765 1045 914 1101 della
933 1044 1119 1116 gratia
1138 1062 1261 1098 sua.
1287 1045 1350 1101 S’
1372 1046 1448 1098 ho
1469 1043 1816 1097 domandato
1838 1042 2003 1108 assai,
2029 1043 2089 1098 S.
2117 1045 2187 1097 V.
2213 1044 2292 1096 m’

240 1143 414 1198 habbi
440 1161 539 1213 per
566 1150 867 1197 excusato:
899 1160 933 1195 a
960 1142 1116 1194 buon
1135 1141 1251 1197 fine
1278 1150 1336 1196 et
1362 1159 1396 1195 a
1422 1141 1623 1195 honor’
1654 1139 1712 1193 di
1738 1138 1849 1194 Dio
1875 1139 1912 1192 Γ
1937 1141 2013 1193 ho
2042 1142 2202 1204 tatto,
2233 1146 2294 1194 et

238 1257 348 1294 con
376 1258 522 1311 gran
567 1237 891 1294 reuerentia
935 1245 992 1291 et
1038 1236 1345 1293 deuotione
1380 1236 1428 1292 si
1462 1246 1734 1308 tenganO,
1779 1236 2118 1291 hauendone
2153 1235 2298 1289 fatto

239 1345 477 1406 patrone
496 1344 554 1390 et
578 1334 955 1405 dispensator'
984 1333 1027 1387 il
1053 1336 1121 1388 Ρ.
1154 1336 1325 1389 Mtr0.
1355 1335 1471 1389 don
1491 1335 1786 1390 Saluestro
1817 1334 1855 1386 ¹.

355 1433 535 1486 Tacer
561 1449 679 1485 non
705 1448 897 1501 poss0‚
927 1431 1137 1501 perche
1158 1447 1275 1484 non
1294 1430 1406 1485 mai
1427 1448 1563 1485 cosa
1582 1430 1771 1501 degne
1792 1428 1850 1483 di
1869 1430 2038 1484 laude
2059 1429 2199 1483 fatta
2219 1427 2296 1481 ad

239 1519 439 1582 honor’
488 1527 546 1580 di
591 1526 704 1582 Dio
729 1544 763 1580 e
788 1528 828 1580 Γ
857 1545 1030 1597 opere
1055 1535 1288 1598 operate
1313 1545 1414 1598 per
1448 1526 1488 1580 il
1520 1527 1665 1581 Rdo.
1709 1527 1895 1582 Padre
1915 1527 2009 1581 nel
2044 1525 2296 1596 Signore

235 1632 432 1678 nostro
466 1626 546 1679 M.
595 1624 710 1678 don
743 1622 1022 1680 Siluestro
1067 1622 1127 1676 in
1172 1624 1411 1678 abscoso
1457 1625 1633 1678 tener'
1675 1622 1723 1677 si
1768 1622 2115 1689 douerebbe,
2165 1620 2293 1676 anzi

233 1720 491 1790 undique
516 1720 851 1791 propalarle,
882 1740 915 1776 e
942 1738 1004 1775 se
1032 1728 1235 1790 troppo
1260 1718 1480 1791 prolixo
1506 1723 1656 1786 saro,
1688 1721 1750 1776 S.
1783 1721 1857 1775 V.
1889 1718 1937 1774 si
1963 1720 2152 1790 degna
2187 1720 2294 1773 do-

235 1816 420 1871 narmi
448 1816 635 1872 uenia.
662 1815 1110 1881 Retrouandossi
1129 1815 1170 1870 il
1188 1817 1332 1870 Rdo.
1359 1819 1432 1872 Μ.
1458 1817 1571 1871 don
1594 1817 1873 1873 Siluestro
1893 1816 1953 1871 in
1972 1817 2289 1887 Garfagna,

231 1911 291 1966 in
316 1930 433 1966 vno
451 1913 687 1967 castello
705 1929 908 1983 grosso
927 1913 1271 1968 domandato
1293 1913 1596 1984 Caregme,
1621 1913 1777 1984 dipoi
1795 1912 1957 1968 finito
1976 1912 2017 1966 li
2037 1911 2294 1968 exercitii

233 2007 435 2075 diuini,
466 2009 615 2064 nella
661 2009 794 2079 qual
829 2017 980 2064 terra
1018 2011 1074 2063 u’
1087 2027 1185 2065 era
1231 2028 1346 2064 una
1391 2028 1537 2080 gran
1570 2019 1733 2080 parte
1779 2027 1887 2063 con
1914 2008 2295 2080 grandissima

232 2105 537 2175 quistione,
567 2105 728 2172 risse,
758 2105 1061 2174 discordie,
1091 2105 1356 2161 disamor’
1386 2115 1445 2161 et
1470 2106 1783 2171 inimicitie,
1808 2105 2024 2160 homini
2043 2105 2290 2171 bestiali,

228 2202 501 2273 armigeri
525 2211 583 2258 et
599 2202 668 2256 di
686 2203 836 2256 mala
861 2211 1035 2270 sorte,
1065 2202 1437 2270 homicidiali;
1468 2221 1501 2258 e
1527 2202 1873 2274 predicando
1900 2202 1959 2258 in
1986 2220 2114 2256 essa
2139 2211 2294 2256 terra

230 2298 271 2351 il
297 2300 442 2353 Rdo.
475 2300 556 2354 M.
581 2299 698 2353 don
726 2298 1024 2366 Siluestro‚
1050 2299 1370 2366 indulcitte‚
1394 2300 1644 2368 redoleo,
1669 2299 1954 2365 mollifico‚
1978 2298 2209 2371 plaudo,
2233 2305 2294 2353 et

232 2394 469 2449 humilio
496 2404 554 2449 et
574 2394 812 2450 infondo
846 2395 886 2449 il
905 2395 1102 2451 diuino
1129 2396 1330 2468 spirito
1351 2397 1486 2454 nelli
1505 2396 1666 2452 cuori
1685 2396 1810 2463 lori,
1836 2395 1978 2450 tanti
1998 2394 2126 2449 duri
2144 2411 2293 2466 poco

230 2492 446 2545 auanti.
478 2494 563 2546 Ita
591 2493 716 2548 fece
742 2492 827 2547 far
852 2511 965 2548 vna
1001 2511 1143 2564 pace
1169 2494 1460 2564 generale,
1490 2496 1581 2548 ch’
1613 2512 1786 2548 erano
1813 2492 1946 2547 stati
1976 2509 2046 2562 30
2072 2490 2206 2545 anni
2231 2499 2292 2545 et

232 2587 330 2658 pisi
358 2588 416 2641 in
443 2588 822 2659 grandissima
848 2607 1076 2661 guerra:
1107 2590 1292 2644 solum
1317 2591 1392 2645 da
1418 2590 1552 2645 anni
1579 2590 1638 2643 in
1666 2609 1779 2661 qua
1804 2608 1945 2644 sono
1973 2587 2104 2643 stati
2132 2606 2290 2642 ama-

231 2683 343 2738 zati
364 2697 434 2752 45
458 2684 515 2738 di
535 2684 702 2756 primi
721 2686 873 2742 della
891 2694 1012 2741 tera
1031 2705 1132 2757 per
1151 2685 1338 2743 insine
1358 2687 1466 2742 alle
1485 2688 1694 2741 donne.
1723 2688 1777 2741 O
1796 2686 2053 2740 crudelta
2070 2684 2291 2756 grande

231 2788 291 2835 et
318 2781 436 2834 cosi
462 2780 748 2837 inefanda!
778 2800 814 2837 o
841 2782 1182 2838 miraculoso
1209 2791 1268 2837 et
1293 2783 1696 2855 mareuiglioso
1723 2783 1889 2848 direl,
1913 2785 2102 2836 hanno
2131 2798 2289 2834 ama-

234 2886 364 2930 zato
389 2876 523 2933 delli
548 2877 783 2943 homini,
814 2897 986 2934 senza
1012 2878 1051 2932 li
1078 2878 1336 2950 stropiati
1360 2888 1420 2934 et
1447 2879 1614 2934 feriti.
1650 2879 1875 2934 Hoime!
1909 2880 2014 2932 che
2040 2893 2289 2947 spauen-

237 2974 392 3027 teuol
417 2973 546 3028 dir’.
597 2975 664 3029 L’
713 2976 747 3030 e
793 2992 910 3029 uno
955 2976 1030 3031 de
1067 2976 1257 3045 quella
1296 2984 1419 3031 tera
1455 2979 1561 3031 che
1596 2995 1669 3029 ua
1703 2977 1795 3030 del
1833 2992 2005 3045 corpo
2032 2991 2140 3027 con
2174 2989 2289 3025 vna

234 3069 514 3124 cannucia
547 3069 606 3125 di
634 3079 874 3142 argento
893 3072 989 3129 nel
1008 3081 1252 3140 costato,
1277 3091 1310 3127 e
1329 3091 1432 3143 per
1448 3073 1491 3126 il
1510 3083 1730 3128 costato
1751 3090 1888 3126 cura
1908 3071 1948 3124 il
1967 3088 2139 3140 corpo
2158 3086 2286 3124 suo:

222 3178 269 3219 o
297 3165 615 3221 offensione
639 3168 788 3222 della
813 3169 992 3245 bonta
1021 3168 1236 3234 diuina,
1268 3178 1386 3223 star
1410 3169 1450 3222 li
1478 3179 1665 3224 trenta
1691 3169 1824 3223 anni
1852 3186 1967 3222 non
2000 3165 2112 3220 mai
2146 3183 2286 3219 con-

159 3253 164 3257 *
231 3262 461 3317 fessarsi
487 3282 562 3319 ne
586 3263 997 3322 comunicarse.
1036 3266 1247 3327 Hoime
1281 3266 1410 3321 Dio!
1443 3269 1551 3320 che
1577 3265 1871 3321 ribellione
1890 3281 2028 3318 sone
2061 3260 2193 3315 stati
2227 3259 2285 3314 di

225 3357 359 3424 Dio,
390 3361 499 3416 che
518 3360 557 3413 Γ
581 3378 736 3416 arme
762 3377 863 3432 per
889 3362 980 3417 lor
1005 3362 1125 3417 Idio
1151 3364 1499 3430 adorauano,
1530 3373 1588 3419 et
1616 3363 1663 3417 si
1683 3363 2074 3416 confidauanO.
2107 3360 2287 3412 Perso

227 3457 491 3520 haueano
516 3455 557 3509 Γ
587 3456 796 3524 anima,
813 3458 875 3521 ‘la
898 3458 1019 3513 vita
1044 3467 1102 3515 et
1121 3460 1177 3514 la
1197 3460 1353 3514 roba.
1381 3459 1497 3513 Hoi
1519 3458 1879 3515 tremibundo
1907 3464 2058 3511 resto
2087 3473 2120 3508 a
2141 3451 2282 3507 scri-

229 3553 418 3608 uerlo:
449 3551 511 3608 in
537 3554 728 3622 quella
753 3563 877 3609 tera
901 3556 958 3609 d'
988 3556 1134 3611 altro
1161 3574 1277 3611 non
1303 3556 1352 3610 si
1385 3557 1619 3627 parlaua
1654 3575 1716 3610 se
1743 3573 1860 3609 non
1887 3553 1943 3606 di
1972 3554 2055 3605 far
2090 3567 2282 3616 carne,

229 3647 291 3702 di
319 3648 644 3707 tradimenti
669 3660 728 3705 et
755 3650 840 3705 far
867 3652 1160 3720 uendetta,
1191 3661 1249 3707 et
1277 3651 1541 3708 uendersi
1570 3653 1606 3704 Γ
1639 3670 1717 3704 un
1744 3669 1857 3705 con
1883 3650 1920 3701 Γ
1951 3649 2112 3702 altro,

229 3774 277 3802 ι’
329 3763 344 3788 ¹
406 3761 636 3807 Landini.
675 3784 678 3789 -
