2618 4152
1011 165 1068 211 27
1102 154 1314 199 Annus
1350 164 1464 212 1549
2182 163 2269 220 137

210 280 501 348 sentirem,
522 281 691 334 modo
712 298 828 335 non
848 280 1095 336 alienum
1116 288 1268 336 esset
1286 299 1319 336 a
1339 280 1530 336 studio
1547 299 1717 337 verae
1734 281 1978 352 pietatiS,
2002 286 2269 344 resistere

210 378 439 443 nollem,
477 394 646 431 orans
681 386 1015 448 optansque·
1033 375 1444 432 ardentissimis
1482 377 1652 444 votis,
1687 387 1749 432 ut
1784 380 2118 436 altissimum
2156 384 2268 440 Dei

211 473 628 544 beneplacitum
657 473 807 528 circa
832 493 924 531 me
951 482 1009 530 et
1035 490 1136 545 per
1162 491 1274 539 me,
1298 482 1574 542 quantum
1604 474 1871 544 possibile
1900 477 2062 544 foret,
2087 481 2265 548 perfi-

210 578 446 645 ceretur
463 568 523 637 in
555 569 841 626 omnibus.

321 649 469 720 Cum
504 684 642 721 vero
681 684 810 722 meo
849 665 1059 720 iudicio
1098 674 1249 720 stare
1287 664 1516 731 nollem,
1549 665 1758 722 obnixe
1791 667 1947 737 petii,
1980 677 2043 722 ut
2078 671 2260 725 Rdus.

206 763 392 815 Dnus,
434 763 766 818 Leonardus
800 780 963 817 suam
998 760 1338 818 sententiam
1373 760 1511 814 mihi
1547 760 1871 832 significare
1904 763 2259 834 dignaretur.

203 858 266 912 Id
294 875 622 928 quanquam
647 858 951 914 difficulter
971 859 1202 924 faceret,
1227 874 1344 912 non
1364 875 1427 912 se
1446 858 1864 929 denegaturum
1888 867 2077 916 tamen
2105 865 2258 931 quod

202 964 475 1023 peterem,
507 955 713 1021 aiebat,
753 955 801 1009 si
835 956 1070 1011 credere
1103 953 1273 1009 dictis
1298 953 1418 1008 suis
1443 955 1671 1020 vellem,
1702 956 1857 1024 quod
1884 964 2042 1011 tanto
2069 958 2262 1013 minus

200 1052 518 1107 detrectare
537 1051 720 1121 potui,
742 1059 958 1122 quanto
974 1049 1187 1105 certius
1207 1058 1471 1106 constare
1490 1049 1618 1117 sibi,
1641 1051 1794 1120 quod
1810 1050 2066 1107 dicturus
2085 1064 2260 1122 esset,

201 1146 472 1203 intellexi.
503 1147 808 1202 Consuluit
834 1146 1047 1216 itaque,
1074 1155 1138 1200 ut
1164 1145 1372 1202 vexillo
1400 1145 1748 1201 Christi-sub
1775 1146 2035 1202 instituto
2060 1149 2259 1204 lauda-

199 1242 299 1296 bili
327 1242 627 1299 Societatis
661 1242 1005 1299 sanctissimi
1038 1242 1283 1297 nominis
1310 1244 1450 1315 Jesu
1484 1261 1578 1298 me
1614 1242 2119 1299 reverendissimae
2152 1264 2258 1315 pa-

202 1338 453 1395 ternitati
486 1347 712 1395 vestrae
747 1339 1160 1406 submitterem3
1192 1357 1324 1393 nam
1360 1338 1418 1393 id
1451 1337 1590 1392 mihi
1627 1338 1982 1394 salutiferum
2012 1342 2160 1407 fore,
2200 1351 2262 1396 et

201 1437 348 1491 hanc
372 1435 733 1491 vocationem
768 1454 951 1491 meam
989 1454 1116 1493 esse
1149 1454 1212 1492 se
1244 1434 1569 1506 perspicere
1602 1434 1923 1490 indubitato
1952 1456 2022 1492 ex
2058 1438 2258 1492 condi-

198 1531 352 1588 tione
387 1542 445 1588 et
480 1532 669 1587 animo
703 1551 831 1589 meo
867 1534 1183 1600 asserebat,
1221 1525 1476 1602 dumque
1502 1531 1643 1590 nihil
1676 1533 1923 1599 obstare,
1954 1533 2262 1604 quominus

195 1628 254 1682 id
290 1629 476 1685 facere
513 1640 760 1700 possem,
799 1629 1178 1701 singulorum,
1211 1647 1359 1700 quae
1395 1638 1517 1684 tum
1545 1629 1814 1700 temporis
1853 1629 2124 1700 impedire
2164 1650 2259 1685 me

192 1725 552 1792 videbantur,
584 1743 1014 1797 cognoscerem.

302 1822 529 1877 Salubri
575 1821 812 1877 consilio
850 1822 1035 1877 libens
1074 1805 1354 1892 acquievi,
1394 1824 1729 1878 confirmato
1768 1822 2078 1894 proposito,
2122 1841 2253 1878 cum

191 1917 271 1971 illi
316 1917 396 1974 ita
442 1918 708 1990 expedire
746 1918 1055 1986 videretur,
1105 1928 1262 1987 vot0,
1300 1921 1454 1991 quod
1499 1918 2005 1975 reverendissimae
2052 1922 2119 1974 P.
2172 1922 2247 1975 V.

191 2014 377 2083 mitto,
427 2015 754 2087 supplicans
800 2033 901 2086 per
946 2015 1161 2071 Christi
1199 2019 1340 2089 Jesu
1384 2015 1751 2093 charitatem,
1779 2025 1843 2070 ut
1888 2016 2028 2070 illud
2072 2016 2253 2070 infimi

191 2111 405 2167 servuli
450 2121 648 2167 votum
694 2113 986 2184 suscipere
1031 2112 1505 2169 reverendissima
1551 2115 1619 2168 P.
1672 2115 1770 2181 V.,
1821 2113 1869 2167 si
1915 2113 2257 2184 prudentiae

189 2217 415 2265 vestrae
442 2209 711 2280 expedire
736 2209 924 2264 visum
958 2209 1151 2278 fuerit,
1181 2209 1474 2281 dignetur,
1506 2209 1670 2264 cuius
1698 2208 1934 2264 consilio
1961 2217 2019 2266 et
2044 2211 2253 2264 volun—

191 2313 309 2361 tate
342 2305 402 2359 in
437 2306 702 2361 omnibus
737 2308 1132 2378 obtemperare
1166 2306 1450 2373 desidem,
1487 2325 1810 2378 agnoscens
1845 2325 1916 2363 ex
1948 2309 2058 2361 hoc
2091 2307 2251 2361 altis-

187 2401 314 2456 simi
361 2402 470 2459 Dei
516 2403 929 2474 beneplacitam
974 2404 1354 2472 voluntatem,
1400 2422 1547 2475 quae
1586 2402 1643 2457 in
1683 2402 1848 2459 nobis
1887 2403 2256 2474 perfectionis

184 2517 453 2554 mensura
480 2509 585 2555 est.
619 2501 714 2554 Ad
740 2517 911 2570 quam
940 2510 1005 2554 ut
1031 2499 1301 2571 deinceps
1329 2499 1592 2555 foelicius
1626 2501 1974 2557 contendere
1999 2518 2249 2571 possem,

183 2596 425 2666 supplex
460 2595 989 2652 reverendissimam
1024 2599 1091 2651 P.
1127 2598 1199 2652 V.
1239 2614 1360 2663 or0,
1392 2605 1458 2651 ut
1492 2615 1603 2665 me,
1635 2596 1936 2668 indignum
1973 2606 2030 2653 et
2056 2599 2252 2668 profu-

186 2708 326 2762 gum
345 2691 547 2759 filium,
575 2692 731 2747 Patri
752 2693 987 2749 coelesti
1007 2687 1441 2750 ferventissimis
1461 2693 1581 2748 suis
1601 2693 1867 2764 precibus
1887 2694 2246 2750 reverendis-

187 2786 331 2842 sima
357 2791 436 2867 P·
475 2791 548 2844 V.
589 2791 989 2846 commendare
1028 2789 1331 2861 ipsumque
1364 2807 1600 2846 exorare
1634 2808 1751 2844 non
1786 2790 2149 2861 dedignetur,
2183 2799 2252 2844 ut

189 2902 300 2949 me,
341 2883 389 2938 si
423 2903 543 2939 non
576 2885 637 2939 in
674 2886 920 2941 filiorum
959 2905 1195 2941 suorum
1234 2905 1474 2942 numero
1512 2905 1740 2941 rursum
1777 2886 2053 2941 asciscere
2086 2886 2245 2952 velit,

184 2981 341 3050 quod
366 2981 642 3049 demerui,
674 2983 875 3039 saltem
903 2982 1053 3038 inter
1080 2992 1371 3039 extremae
1398 2983 1568 3039 sortis
1595 2984 1852 3039 servulos
1879 2983 2157 3050 admittat,
2183 2990 2252 3035 ut

183 3075 244 3129 in
270 3076 460 3147 aliqua
485 3087 646 3149 parte
671 3097 906 3134 suorum
942 3082 1226 3136 haeream.

293 3174 453 3227 Deus
480 3183 596 3244 opt.
628 3193 778 3230 max.
811 3176 1201 3232 honorabilem
1229 3175 1502 3246 pietatem
1529 3186 1777 3231 vestram
1806 3183 1995 3230 servet
2021 3174 2246 3228 incolu-

173 3285 344 3323 mem.
378 3271 618 3325 Multam
658 3288 887 3341 quoque
917 3272 1511 3345 foelicitatem,precor
1539 3276 1617 3328 M.
1650 3274 1916 3328 Andreae
1950 3274 1962 3297 ¹
1994 3269 2240 3334 Siderio,

177 3372 582 3433 conterrane0‚
622 3366 788 3422 cuius
825 3369 1090 3439 precibus
1122 3388 1215 3425 me
1248 3371 1706 3424 commendatum
1747 3368 1913 3422 unice
1949 3383 2239 3436 cuperem,

175 3459 285 3514 nisi
321 3463 542 3516 Rmam.
584 3463 986 3533 paternitatem
1020 3465 1340 3537 degrauare
1386 3466 1644 3537 puderet.
1689 3467 1885 3530 Porro,
1926 3463 1973 3517 si
2009 3461 2145 3531 quid
2180 3460 2240 3514 in

275 3669 287 3694 ¹
353 3671 446 3715 Ms.
471 3672 700 3717 Andrea.
