2618 4152
415 148 444 192 8
1229 154 1300 188 AD
1332 152 1612 187 LECTOREM

408 268 705 340 vindicat),
756 269 856 323 sed
900 268 1032 338 quia
1076 267 1377 338 collegium
1417 266 1713 323 Societatis
1758 264 2072 337 proprium,
2122 265 2436 320 secundum

408 379 611 451 Ignatii
653 380 811 451 leges
855 378 1171 445 conditum,
1219 377 1397 449 prima
1443 377 1589 433 inter
1622 376 1887 448 hispanas
1915 376 2083 429 urbes
2129 375 2346 442 habuit,
2378 385 2436 432 et

406 489 766 556 academiam,
790 507 955 560 quae,
986 489 1121 560 ipsis
1150 487 1335 544 Martii
1363 487 1634 553 kalendiS,
1666 486 1772 541 rite
1798 484 2119 557 apostolicis
2145 485 2204 539 in
2225 487 2434 558 templo

404 598 630 670 collegii
655 598 902 668 recitatis
927 598 1146 665 litteris,
1177 597 1463 669 publicata
1490 606 1576 653 est
1604 598 1676 668 (7,
1709 597 1762 664 8,
1801 612 1865 651 10
1892 595 2118 666 Martii).
2150 597 2426 664 Gandiae,

403 707 730 779 interposito
757 708 991 765 solemni
1011 707 1298 779 religionis
1319 715 1688 773 sacramentO,
1714 707 1835 777 ipso
1862 705 2115 777 Virginis
2135 708 2206 761 ab
2226 709 2432 779 angelo

402 819 679 872 salutatae
706 819 848 874 festo
876 819 985 887 die,
1019 818 1239 874 Oviedo
1267 826 1324 872 et
1351 818 1533 874 Miron
1561 817 1829 873 Societati
1856 834 1981 871 sese
2007 817 2432 874 obstrinxerunt

407 928 459 999 (3
506 928 991 1000 April.).-Tanta
1033 947 1167 984 vero
1212 928 1549 1000 parsimonia
1582 928 1641 982 in
1678 928 1833 982 victu
1874 929 2146 999 cultuque
2180 930 2434 1001 corporis

394 1039 710 1093 'utebantur
735 1039 889 1106 socii,
921 1058 1049 1094 cum
1083 1039 1307 1094 aliunde
1341 1057 1559 1094 summa
1598 1038 1801 1092 virium
1828 1039 2193 1096 contentione
2219 1041 2291 1094 ad
2317 1040 2433 1094 vir-

406 1154 589 1201 tutum
615 1156 673 1203 et
697 1148 1054 1204 scientiarum
1095 1147 1343 1203 studium
1377 1147 1768 1205 incumberent
1803 1150 1892 1220 (10
1919 1149 2147 1222 Martii),
2189 1159 2253 1205 ut
2285 1170 2431 1206 non—

404 1274 569 1312 nemo
590 1258 916 1314 existimarit
936 1277 1050 1313 non
1070 1258 1205 1313 satis
1225 1258 1332 1313 illis
1351 1259 1641 1330 provisum
1664 1277 1806 1314 esse:
1833 1277 2002 1330 quam
2025 1269 2213 1316 tamen
2234 1262 2429 1319 existi-

404 1367 725 1436 mationem,
755 1368 970 1439 Ignatio
996 1370 1256 1435 delatam,
1288 1369 1569 1424 Araozius
1597 1370 1864 1425 refutavit
1891 1371 1941 1443 (5
1971 1373 2162 1444 Now).

516 1473 707 1548 Atque
733 1481 872 1533 haec
897 1480 966 1534 de
992 1479 1240 1551 epistolis
1266 1479 1545 1534 sociorum
1573 1480 2034 1552 hispaniensium.

517 1589 572 1652 b)
617 1581 621 1585 ’
645 1591 728 1644 Ex
754 1591 1059 1644 Lusitania
1084 1593 1192 1645 hoc
1218 1610 1365 1646 anno
1395 1600 1508 1646 tres
1536 1600 1756 1647 tantum
1785 1593 2056 1665 epistolae
2088 1595 2252 1651 nobis
2279 1596 2429 1651 obti-

407 1706 633 1767 gerunt;
665 1715 898 1767 quarum
926 1699 1071 1753 duae
1099 1700 1151 1771 (6
1178 1708 1234 1756 et
1263 1714 1294 1768 7
1321 1701 1509 1772 Febr.)
1532 1702 1604 1757 de
1624 1720 1771 1757 nova
1790 1704 2020 1773 juvenis
2047 1706 2343 1776 cujusdam
2370 1707 2428 1761 in

407 1807 742 1863 Societatem
770 1809 1143 1880 cooptatione;
1174 1819 1455 1882 postrema
1483 1813 1530 1885 (1
1563 1814 1767 1886 Martii)
1797 1816 1869 1871 de
1901 1816 2182 1872 sociorum
2220 1818 2430 1873 labori-

407 1919 512 1972 bus
538 1922 843 1989 eorumque
871 1920 1057 1976 fructu
1084 1931 1281 1993 agunt.

515 2031 567 2099 c)
644 2032 859 2084 Paucas
905 2031 1072 2087 etiam
1107 2052 1176 2088 ex
1209 2034 1406 2088 Sicilia
1440 2035 1676 2105 edimus;
1719 2037 1954 2108 scilicet,
1986 2058 2102 2108 eas,
2133 2041 2190 2095 in
2219 2042 2427 2113 quibus

405 2140 730 2195 Domenech
755 2141 826 2196 de
851 2142 1134 2198 academia
1159 2145 1489 2201 mamertina
1515 2149 1562 2219 (1
1587 2149 1760 2221 Jan.),
1792 2151 1864 2206 de
1891 2152 2133 2224 collegio
2161 2155 2427 2209 Panormi

405 2248 745 2305 instituendo
771 2252 957 2324 (Majo,
988 2253 1201 2310 incerto
1227 2256 1333 2328 die)
1362 2258 1499 2329 agit3
1532 2260 1737 2329 quibus
1757 2263 2122 2335 adjungenda
2158 2284 2327 2337 quam
2355 2269 2427 2323 de

404 2361 599 2414 eodem
626 2373 985 2444 argumento,
1023 2365 1264 2422 civitatis
1299 2370 1545 2438 nomine,
1577 2373 1763 2444 Julius
1797 2375 1868 2428 de
1903 2375 2178 2432 Silvestro
2203 2379 2428 2451 scripsit

407 2466 494 2538 (13
523 2468 717 2540 Maji.).

516 2579 577 2647 d)
650 2581 830 2636 Unica
857 2583 1039 2638 Patris
1066 2586 1227 2642 Viola
1254 2590 1510 2645 Parisiis
1543 2594 1674 2648 data
1702 2596 1790 2667 (19
1810 2595 1964 2668 Julii)
1994 2598 2066 2651 ad
2092 2615 2196 2652 nos
2222 2617 2425 2669 perve‘

405 2688 505 2754 nit,
536 2707 646 2759 qua
672 2691 1047 2763 difficultateS,
1078 2697 1280 2766 quibus
1307 2701 1560 2757 Societas
1587 2705 2026 2776 opprimebatur,
2058 2710 2307 2781 exponit.

512 2802 564 2871 e)
639 2803 757 2856 Nec
792 2803 1064 2861 feliciores
1107 2808 1312 2865 fuimus
1347 2812 1404 2867 in
1444 2813 1795 2873 inveniendis
1830 2820 2112 2876 sociorum
2147 2822 2417 2892 epistolis,

402 2910 498 2979 qui
524 2910 582 2964 in
609 2911 835 2982 reliquis
862 2916 1118 2987 Europae
1143 2921 1394 2989 partibus
1421 2926 1572 2979 omni
1599 2927 1728 2982 nisu
1749 2939 1806 2984 et
1824 2931 2042 2988 ratione
2061 2951 2162 3004 pro
2189 2952 2249 2988 re
2269 2935 2422 2988 chri—

402 3019 584 3074 stiana
605 3024 818 3077 tuenda
844 3033 900 3079 et
934 3027 1320 3097 amplificanda
1345 3035 1715 3094 desudabant.
1757 3043 1956 3097 Nullas
1986 3045 2420 3112 lovaniensium,

400 3131 581 3185 nullas
601 3150 1015 3203 germanorum
1043 3139 1258 3208 damuS,
1283 3154 1503 3214 praeter
1529 3149 1741 3221 aliquot
1762 3153 2041 3223 epistolia,
2068 3156 2276 3225 quibus
2297 3119 2422 3228 ple.-

400 3258 637 3311 rumque
656 3244 1042 3302 adolescentes
1064 3251 1357 3309 Societatis
1378 3259 1660 3316 candidati
1680 3264 1902 3334 Ignatio
1925 3269 2419 3336 commendantur,

400 3359 499 3407 aut
523 3370 718 3407 eorum
746 3364 1004 3412 votorum
1040 3361 1274 3418 formula
1308 3365 1366 3420 in
1400 3370 1596 3425 urbem
1631 3373 1869 3429 mittitur
1906 3378 1922 3447 (
1932 3393 1990 3433 11
2022 3381 2178 3451 Jan.,
2226 3381 2314 3448 18,
2352 3395 2416 3435 21

403 3462 609 3531 Martii,
641 3478 710 3531 27
739 3467 959 3538 April.).

511 3574 695 3643 Quam
724 3576 1081 3647 epistolarum
1101 3583 1378 3652 jacturam
1407 3593 1582 3647 multo
1610 3596 1835 3664 quidem
1863 3601 2091 3671 aegrius
2120 3602 2417 3668 ferremuS,
