2618 4152
1033 128 1090 176 ²7
1123 117 1336 164 Arruns
1371 128 1485 176 1549
2197 126 2279 183 185

255 288 258 291 -
338 250 682 305 Consultum
710 248 860 303 enirn
887 247 1188 302 videbatur
1216 254 1280 299 ut
1313 247 1508 302 Rmae.
1546 247 1871 318 paternitati
1905 259 2128 306 vestrae
2162 262 2280 307 sta-

224 356 351 402 tum
385 363 595 412 meum,
628 353 749 399 tum
783 343 1120 400 exteriorem
1159 351 1280 396 tum
1316 341 1665 409 interiorem,
1696 344 1899 414 partim
1932 345 2089 403 hisce
2115 347 2277 415 meiS‚

229 443 435 515 partim
460 441 580 496 suis
606 441 783 496 literis
811 442 964 514 (dum
999 438 1204 495 melius
1239 446 1298 494 et
1331 437 1543 493 rectius
1578 438 1806 510 singula
1839 453 2212 512 cognosceret
2243 445 2279 516 ¹)

225 556 594 611 exponerem:
621 556 735 609 quo
756 537 1010 609 cognito,
1029 535 1170 606 quid
1188 535 1262 590 de
1281 552 1374 590 me
1393 535 1762 590 statuendum
1783 537 1973 606 fuerit,
1994 557 2095 609 pro
2111 541 2281 596 laude

224 644 288 691 et
330 624 687 706 beneplacito
733 632 990 689 altissimi
1035 631 1144 688 Dei
1184 648 1253 686 ac
1297 631 1481 686 salute
1526 649 1654 686 mea
1688 650 1789 701 pro
1835 650 1938 687 sua
1981 636 2282 704 prudentia

223 734 388 788 Rma.
421 734 484 786 P.
514 733 587 786 V.
622 729 943 802 perspiciat.
974 730 1143 796 Nam,
1169 735 1234 782 ut
1259 725 1511 781 consiliis
1530 726 1682 781 illius
1701 727 1943 783 libenter
1971 732 2281 787 obsecutus

223 846 375 896 sum,
406 827 485 882 ita
512 826 681 898 cupio
706 826 935 898 singula
960 825 1085 882 fieri
1118 843 1189 880 ex
1224 823 1397 878 animi
1422 823 1599 877 vestri
1624 825 1938 880 sententia.v
1958 827 2090 881 Fuit
2117 829 2278 898 equi-

219 925 355 980 dem
382 924 607 980 animus
632 923 745 979 iam
771 918 935 979 annis
962 922 1198 992 aliquot,
1228 920 1426 975 diuina
1451 919 1637 992 gratia
1663 922 1971 977 clementer
1998 924 2283 994 aspirante

218 1031 283 1078 et
309 1022 478 1078 bonis
505 1019 987 1076 admonitionibus
1006 1019 1231 1091 piorum
1250 1016 1503 1072 virorum
1523 1017 1983 1089 cooperantibus,
2008 1038 2283 1076 accensus

221 1118 507 1175 desiderio
537 1116 850 1174 ferventius
875 1118 1001 1171 Deo
1036 1114 1278 1172 creatori
1305 1122 1364 1170 et
1397 1113 1742 1185 redemptori
1776 1133 1924 1182 me0,
1965 1116 2050 1170 uti
2088 1125 2282 1172 teneor

223 1224 285 1272 et
328 1215 532 1281 debe0,
574 1231 677 1285 pro
721 1212 1013 1270 immensis
1058 1211 1353 1268 beneficiis
1396 1210 1535 1265 mihi
1579 1210 1860 1267 immerito
1899 1212 2136 1279 collatis,
2181 1232 2283 1284 pro

222 1312 459 1368 modulo
490 1310 697 1366 virium
731 1329 985 1366 mearum
1011 1308 1317 1364 vocatione
1350 1326 1417 1363 ac
1451 1306 1778 1364 conditione
1811 1328 1938 1364 mea
1971 1310 2277 1365 deservire.

221 1410 288 1464 Id
322 1408 583 1479 quamvis
616 1407 921 1478 aliquando
958 1425 1226 1478 cuperem
1260 1405 1408 1460 serio
1447 1414 1750 1473 attentare,
1789 1414 1978 1461 tamen
2010 1407 2281 1477 paulatim

200 1512 349 1560 'tum
394 1504 751 1577 negligentia
789 1523 936 1571 mea,
979 1522 1082 1575 pro
1121 1504 1304 1558 dolor!
1350 1511 1473 1557 tum
1506 1502 1720 1557 malitia
1756 1502 1972 1569 natiua,
2015 1503 2280 1557 nimirum

219 1601 418 1658 *fomite
451 1600 672 1673 peccati
708 1602 963 1656 nondum
1005 1617 1355 1671 compreSSO,
1393 1599 1453 1653 in
1486 1598 1663 1654 vitam
1697 1608 1756 1655 et
1788 1600 2279 1654 conversationem

217 1698 539 1771 pristinam,
572 1688 833 1769 quamvis
866 1697 1282 1769 displicentem,
1314 1697 1573 1768 relapsus
1605 1714 1753 1765 sum,
1784 1695 1865 1751 ita
1892 1705 1956 1751 ut
1981 1698 2128 1751 velle
2153 1697 2282 1766 qui-

216 1797 352 1851 dem
386 1797 601 1850 bonum
636 1814 708 1850 ex
742 1794 995 1867 gratuita
1029 1793 1215 1866 gratia
1249 1793 1446 1848 diuina
1482 1792 1787 1860 adiaceret,
1817 1794 2091 1864 perficere
2124 1795 2284 1848 nullo

217 1901 391 1965 pacto
425 1893 499 1947 ob
532 1891 978 1948 imbecillitatem
1013 1909 1199 1946 meam
1234 1890 1550 1947 invenirem
1576 1891 1618 1945 ².
1658 1889 1906 1945 Taeduit
1938 1907 2030 1945 me
2056 1891 2285 1961 saepius

217 1988 396 2044 huius
431 1987 741 2060 tepiditatis
774 2007 956 2055 meae,
987 1987 1226 2044 studens
1259 1996 1561 2044 veternum
1595 1995 1885 2055 excutere3
1916 1988 2018 2042 sed
2050 2005 2283 2043 succes-

219 2104 351 2140 sum
379 2085 639 2142 foelicem
667 2103 783 2140 non
809 2084 945 2139 vidi.
978 2087 1023 2140 F
1026 2085 1321 2139 luctuabat
1347 2083 1573 2139 interim
1600 2083 1844 2150 animus,
1869 2101 2024 2138 nunc
2050 2083 2108 2137 in
2133 2085 2284 2138 hanc

220 2200 380 2237 nunc
405 2182 466 2236 in
491 2181 645 2237 illam
672 2190 891 2253 partem
918 2181 1220 2248 inclinans,
1244 2180 1496 2253 agitatus
1516 2179 1767 2236 consiliis
1794 2198 1862 2234 ac
1887 2179 2283 2235 occasionibus

214 2277 412 2334 variis,
443 2281 598 2334 Dum
623 2277 818 2349 itaque
843 2296 1052 2350 scopus
1078 2278 1218 2332 mihi
1251 2296 1368 2333 non
1402 2278 1541 2333 satis
1573 2286 1767 2334 certus
1793 2278 2080 2348 praefixus
2104 2286 2277 2342 esset,

214 2375 437 2431 incerto
472 2393 702 2447 quoque
737 2376 880 2430 calle
914 2375 1144 2442 incessi,
1175 2375 1370 2446 idque,
1402 2394 1519 2430 non
1553 2374 1679 2432 sine
1705 2392 1928 2429 summa
1963 2373 2135 2429 animi
2166 2374 2278 2430 mei

212 2471 481 2526 molestia
507 2480 565 2526 et
591 2471 759 2543 graui
792 2471 1014 2527 iactura
1048 2474 1341 2544 profectus
1374 2471 1506 2539 mei,
1537 2471 1661 2529 fieri
1690 2471 1853 2527 facile
1879 2470 2276 2537 animaduerti,

215 2567 360 2622 nihil
387 2577 579 2623 tamen
606 2568 847 2640 aggredi
875 2578 975 2624 aut
1002 2570 1075 2625 de
1101 2588 1195 2626 me
1220 2577 1474 2624 statuere
1494 2570 1775 2625 audebam
1803 2569 2176 2634 confidenter,
2207 2587 2282 2623 ne

221 2673 433 2721 temere
460 2665 600 2735 quid
625 2651 815 2737 egisse
842 2675 1042 2737 postea
1067 2666 1304 2721 doleret.
1350 2665 1600 2721 Proinde
1626 2685 1742 2721 non
1775 2664 2050 2721 mediocri
2082 2665 2281 2720 dolore

215 2763 460 2817 affectus
489 2761 591 2829 fui,
622 2780 714 2817 me
740 2771 797 2817 et
832 2771 1068 2834 parente
1103 2763 1282 2818 altero
1308 2771 1367 2819 et
1393 2763 1491 2833 qui
1525 2761 1679 2817 illius
1712 2763 1838 2817 loco
1863 2771 2044 2827 erant,
2076 2780 2109 2815 a
2135 2780 2281 2831 quo-

217 2875 348 2911 rum
374 2856 624 2913 consiliis
650 2859 974 2930 dependere
1009 2858 1341 2930 potuissem,
1374 2860 1639 2914 orbatum
1675 2877 1822 2928 esse,
1852 2858 1931 2913 ita
1958 2867 2022 2912 ut
2046 2876 2282 2913 necesse

217 2955 491 3009 haberem
518 2954 642 3010 aliis
669 2964 826 3011 recta
860 2955 1098 3011 consilia
1124 2957 1279 3022 dare,
1312 2955 1410 3026 qui
1443 2955 1583 3009 mihi
1608 2956 1864 3010 nondum
1897 2973 2096 3026 sapere
2122 2954 2281 3008 ince-

215 3049 450 3120 pissem.
480 3053 864 3109 Decreveram
886 3052 1097 3108 iccirco
1124 3070 1217 3107 me
1245 3052 1344 3108 uni
1371 3052 1540 3108 alicui
1562 3055 1581 3080 ³
1603 3052 1698 3123 pio
1725 3051 2053 3122 aliquandiu
2075 3050 2279 3104 adiun-

212 3164 378 3218 gere,
428 3147 527 3219 qui
572 3147 711 3203 mihi
763 3149 964 3204 salutis
1016 3149 1169 3204 viam
1221 3158 1668 3204 commonstrare
1713 3148 1923 3220 possit,
1980 3146 2280 3202 seminaria

308 3349 323 3376 ¹
387 3347 523 3406 Quid
544 3348 607 3394 de
629 3349 905 3395 Godefrido
922 3350 1137 3395 senserit
1159 3351 1358 3409 KesseI,
1377 3350 1611 3409 cognosci
1628 3356 1793 3409 potest
1810 3365 1872 3395 ex
1888 3348 2032 3407 hujus
2054 3347 2115 3392 ad
2137 3346 2277 3392 Side-

210 3421 343 3468 rium
364 3422 567 3480 litteris,
589 3439 639 3469 n.
664 3435 754 3469 220
774 3425 967 3484 positis,
990 3440 1104 3485 pag.
1133 3425 1234 3471 133.

306 3500 325 3525 ²
389 3498 562 3543 «Velle
604 3498 799 3558 adjacet
843 3500 977 3546 mihi:
1021 3501 1259 3561 perficere
1300 3508 1466 3547 autem
1507 3503 1709 3558 bonum,
1754 3516 1851 3546 non
1892 3498 2148 3544 invenio.»
2191 3496 2276 3541 AD

217 3570 360 3615 Rom.
384 3582 473 3629 v11,
510 3572 581 3617 18.

313 3646 332 3671 ³
394 3647 492 3691 Ms.
523 3662 625 3693 uno
647 3649 844 3707 aliquo.
