2618 4152
360 233 446 283 130
1032 228 1327 273 EPISTOLAE
1359 225 1716 279 MIXTAE—219

1297 486 1446 538 ⁶219

997 612 1349 676 MARTINUS
1381 609 1757 656 GAEWARTS

818 735 1052 789 PATRI
1092 731 1419 788 IGNATIO
1460 731 1565 785 DE
1604 730 1929 785 LOYOLA

1017 867 1250 903 COLONIA
1275 855 1328 900 18
1350 865 1534 900 MARru
1558 864 1672 912 1549
1697 858 1729 899 ¹.

1155 932 1173 955 Ο

352 980 590 1028 Societati
612 981 732 1038 Jesu
760 992 938 1022 nomen
967 976 1099 1034 dare,
1133 973 1422 1033 interposita
1453 973 1745 1019 sacramenti
1773 973 2031 1032 religione,
2061 974 2402 1019 constituisse:

590 1052 831 1111 Ignatium
854 1057 958 1096 orat
980 1057 1034 1095 ut
1053 1050 1180 1094 inter
1202 1063 1317 1094 suos
1340 1048 1533 1093 sodales
1556 1047 1678 1094 velit
1699 1048 1835 1092 illum
1865 1048 2156 1093 adsciscere.

1361 1145 1389 1188 †

1329 1192 1423 1245 Ihs

469 1305 674 1362 Nescio
709 1306 960 1376 profecto
1000 1302 1134 1373 quid
1169 1303 1240 1356 de
1274 1302 1435 1373 larga
1459 1303 1566 1356 hac
1593 1300 1701 1357 Dei
1728 1301 1931 1372 gratia,
1963 1301 2313 1371 nimiumque
2340 1302 2402 1356 in

358 1411 683 1475 peccatores
716 1410 910 1472 prona,
951 1399 1108 1454 effari
1142 1417 1366 1469 queam,
1406 1400 1634 1454 ReV.me
1672 1400 1859 1452 Pater.
1895 1398 2397 1468 Quandoquidem,

355 1517 490 1554 cum
517 1487 739 1553 mecum
775 1496 999 1568 saepius
1025 1496 1280 1562 reuolUO,
1311 1503 1369 1548 et
1395 1494 1468 1549 ad
1492 1494 1712 1550 lancem
1739 1512 1936 1548 omnes
1963 1494 2114 1550 vitae
2144 1505 2399 1565 praeter-

354 1596 547 1666 lapsae
575 1612 804 1665 gressus
832 1592 1063 1658 trutino,
1095 1609 1210 1646 non
1237 1609 1469 1662 possum
1497 1589 1635 1645 satis
1662 1589 1851 1644 mirari
1875 1590 2026 1644 illam
2054 1589 2401 1646 indicibilem

356 1690 571 1746 Christi
590 1693 728 1762 Jesu
750 1689 1009 1761 gratiam,
1042 1706 1153 1758 qua
1172 1705 1262 1742 me
1283 1686 1583 1758 indignum
1604 1686 1919 1757 praeuenit.
1948 1686 2357 1758 Circumspicio
2377 1689 2398 1714 ²

355 1786 511 1843 enim
537 1786 646 1840 iam
668 1787 915 1852 demum,
946 1785 1077 1839 licet
1104 1803 1229 1839 sero
1256 1784 1443 1851 nimis,
1475 1802 1507 1838 e
1536 1782 1762 1853 quantis
1790 1782 1959 1838 etiam
1993 1783 2145 1839 mille
2172 1784 2402 1855 pericu-

355 1880 427 1936 lis
453 1900 543 1936 me
571 1900 674 1936 sua
700 1881 953 1936 bonitate
988 1880 1263 1947 eduxerit,
1302 1880 1362 1933 in
1390 1879 1597 1949 quibus
1633 1879 1787 1934 haud
1821 1898 1987 1936 secus
2024 1879 2184 1951 (proh
2220 1880 2399 1952 dolor)

356 1978 576 2049 sopitus
602 1978 1019 2048 quodammodo
1039 1977 1213 2047 jacui,
1252 1994 1319 2031 ac
1345 1975 1392 2031 si
1422 1985 1591 2031 natus
1618 1978 1806 2032 Deum
1832 1975 2060 2047 penitus
2089 1978 2107 2003 ⁵
2137 1976 2402 2047 ignoras-

353 2093 497 2130 sem.
531 2074 682 2128 Hinc
716 2075 872 2128 nulla
897 2093 987 2130 res
1021 2073 1156 2127 mihi
1191 2072 1375 2145 magis
1408 2072 1690 2128 contraria
1718 2072 1825 2126 fuit
1864 2072 2167 2143 quominus
2201 2091 2403 2129 verum

347 2158 572 2224 'Christi
601 2179 843 2224 tractum
871 2169 1032 2241 sequi
1059 2169 1356 2240 potuerim,
1390 2187 1559 2239 quam
1587 2170 1740 2239 quod
1767 2188 1800 2223 a
1820 2169 1978 2223 nullo
1998 2168 2190 2223 studio
2218 2169 2404 2241 magis

352 2267 738 2332 abhorrerem,
770 2266 865 2320 illo
893 2265 1106 2320 scilicet
1135 2266 1288 2335 quod
1315 2266 1387 2320 ad
1420 2283 1614 2320 veram
1648 2265 1823 2320 vitam
1850 2265 2127 2336 perducit.
2160 2267 2264 2320 Est
2291 2266 2402 2320 ita-

356 2358 471 2430 que
498 2380 599 2416 cur
626 2362 824 2418 merito
850 2380 965 2416 non
991 2361 1111 2417 sine
1137 2361 1421 2416 lachrimis
1442 2379 1896 2428 commemorem,
1922 2361 2251 2432 praesertim
2270 2380 2406 2434 pre-

361 2457 674 2512 tiossimum
704 2467 927 2528 tempus
954 2457 1236 2513 incassum
1264 2459 1407 2513 adeo
1436 2467 1659 2529 praeter
1686 2459 1909 2530 lapsum
1935 2476 2080 2513 esse.
2113 2459 2229 2515 Sed
2257 2477 2403 2529 quo-

361 2553 466 2608 ties
500 2554 704 2609 mentis
739 2556 932 2609 oculos
967 2555 1038 2608 ad
1070 2554 1178 2610 Dei
1213 2554 1524 2611 bonitatem
1558 2556 1825 2623 deflectO,
1865 2563 1984 2610 tum
2019 2573 2135 2609 non
2170 2573 2405 2626 possum

359 2668 475 2704 non
503 2651 771 2720 gaudere:
812 2650 858 2704 is
894 2650 1063 2718 enim,
1097 2650 1192 2719 qui
1218 2653 1310 2706 vel
1348 2651 1708 2706 adamantina
1745 2652 1919 2705 corda
1953 2651 2278 2718 mollefacit,
2311 2651 2405 2706 hic

354 2754 608 2799 mentem
636 2745 871 2799 nimium
899 2746 1219 2816 depressam
1242 2756 1464 2817 praeter
1491 2746 1754 2801 meritum
1782 2748 1854 2801 ad
1885 2755 2150 2824 aeternae
2189 2747 2405 2818 gloriae

353 2859 517 2912 spem
545 2842 845 2897 subleuare
871 2841 1139 2912 dignatus
1167 2851 1271 2898 est.
1306 2845 1477 2913 Quod
1504 2851 1569 2897 ut
1595 2842 1797 2900 melius
1819 2861 2119 2914 agnoscaS,
2150 2861 2266 2898 non
2292 2843 2405 2897 ini-

356 2955 537 3007 quum
584 2939 768 2992 facere
808 2937 1111 2991 arbitratus
1163 2956 1309 3007 sum,
1367 2939 1414 2993 si
1460 2939 1658 2996 ordine
1703 2959 1821 2996 rem
1864 2958 2088 2995 omnem
2142 2957 2407 2995 enarrare

354 3050 624 3104 coepero.

472 3132 780 3200 Postquam
811 3147 959 3184 unus
985 3129 1247 3200 idemque
1273 3130 1494 3185 animus
1522 3150 1745 3202 semper
1771 3131 2101 3203 parentibus
2126 3132 2316 3200 fuerit,
2341 3140 2408 3186 ut

359 3243 451 3279 me
486 3233 606 3278 tum
646 3225 808 3279 bonis
854 3224 1123 3291 moribus,
1165 3234 1285 3279 tum
1320 3225 1489 3282 etiam
1535 3226 1712 3281 literis
1745 3227 2113 3295 instruerent,
2153 3246 2268 3283 non
2313 3246 2406 3282 me

354 3320 680 3375 Louanium
707 3321 928 3375 mittere
955 3329 1089 3375 sunt
1116 3321 1359 3392 grauati.
1391 3322 1494 3389 Ibi,
1527 3340 1657 3377 cum
1678 3343 1889 3378 annum
1911 3333 1968 3379 et
1995 3325 2143 3396 plus,
2170 3332 2405 3379 coactus

350 3415 540 3487 magis
576 3434 745 3486 quam
785 3425 1095 3488 spontanea
1123 3417 1416 3472 voluntate
1451 3419 1797 3489 compulsuS,
1836 3420 2257 3490 persoluissem,
2298 3438 2415 3491 ag-

449 3574 463 3600 ¹
526 3572 600 3615 Ex
617 3572 916 3630 autographo
937 3571 987 3615 in
1010 3571 1106 3615 vol.
1131 3571 1189 3628 B,
1216 3570 1358 3615 unico
1382 3570 1517 3629 folio,
1540 3586 1593 3617 n.
1628 3581 1729 3629 115,
1753 3573 1886 3631 prius
1908 3573 2014 3619 623.

447 3648 465 3673 ²
528 3645 619 3690 Ms.
645 3646 991 3705 circonspicio.

447 3721 464 3746 ³
527 3720 623 3764 Ms.
649 3720 901 3780 poenitus.
