<?xml version="1.0" encoding="UTF-8"?>
<!DOCTYPE html PUBLIC "-//W3C//DTD XHTML 1.0 Transitional//EN"
    "http://www.w3.org/TR/xhtml1/DTD/xhtml1-transitional.dtd">
<html xmlns="http://www.w3.org/1999/xhtml" xml:lang="en" lang="en">
 <head>
  <title>
</title>
<meta http-equiv="Content-Type" content="text/html;charset=utf-8" />
  <meta name='ocr-system' content='tesseract 3.04.00' />
  <meta name='ocr-capabilities' content='ocr_page ocr_carea ocr_par ocr_line ocrx_word'/>
</head>
<body>
  <div class='ocr_page' id='page_1' title='image "./epistolaemixtaee02matruoft_0420.png"; bbox 0 0 2658 4296; ppageno 0'>
   <div class='ocr_carea' id='block_1_1' title="bbox 354 251 1716 328">
    <p class='ocr_par' dir='ltr' id='par_1_1' title="bbox 354 251 1716 328">
     <span class='ocr_line' id='line_1_1' title="bbox 354 251 1716 328; baseline -0.015 -12"><span class='ocrx_word' id='word_1_1' title='bbox 354 252 451 328; x_wconf 44' lang='lat'>3414</span> <span class='ocrx_word' id='word_1_2' title='bbox 1036 259 1336 308; x_wconf 75' lang='lat' dir='ltr'>EmsroLAE&#39;</span> <span class='ocrx_word' id='word_1_3' title='bbox 1361 251 1716 302; x_wconf 66' lang='lat' dir='ltr'>Murus-320</span> 
     </span>
    </p>
   </div>
   <div class='ocr_carea' id='block_1_2' title="bbox 351 356 2463 3627">
    <p class='ocr_par' dir='ltr' id='par_1_2' title="bbox 357 356 2396 941">
     <span class='ocr_line' id='line_1_2' title="bbox 365 356 2395 476; baseline -0.009 -26"><span class='ocrx_word' id='word_1_4' title='bbox 365 414 535 476; x_wconf 88' lang='lat' dir='ltr'>quam</span> <span class='ocrx_word' id='word_1_5' title='bbox 561 391 731 475; x_wconf 89' lang='lat' dir='ltr'>etiam</span> <span class='ocrx_word' id='word_1_6' title='bbox 757 356 1161 463; x_wconf 78' lang='lat' dir='ltr'>spiritualibuS,</span> <span class='ocrx_word' id='word_1_7' title='bbox 1198 386 1300 441; x_wconf 92' lang='lat' dir='ltr'>sed</span> <span class='ocrx_word' id='word_1_8' title='bbox 1333 393 1390 441; x_wconf 90' lang='lat' dir='ltr'>et</span> <span class='ocrx_word' id='word_1_9' title='bbox 1422 378 1869 438; x_wconf 83' lang='lat' dir='ltr'>confessionibus</span> <span class='ocrx_word' id='word_1_10' title='bbox 1907 377 2201 434; x_wconf 79' lang='lat' dir='ltr'>audiendis</span> <span class='ocrx_word' id='word_1_11' title='bbox 2226 397 2395 435; x_wconf 89' lang='lat' dir='ltr'>exer-</span> 
     </span>
     <span class='ocr_line' id='line_1_3' title="bbox 363 464 2392 572; baseline -0.009 -25"><span class='ocrx_word' id='word_1_12' title='bbox 363 500 585 572; x_wconf 82' lang='lat' dir='ltr'>centur,</span> <span class='ocrx_word' id='word_1_13' title='bbox 623 505 770 558; x_wconf 91' lang='lat' dir='ltr'>quae</span> <span class='ocrx_word' id='word_1_14' title='bbox 794 492 1085 557; x_wconf 87' lang='lat' dir='ltr'>nunquam</span> <span class='ocrx_word' id='word_1_15' title='bbox 1119 483 1345 549; x_wconf 86' lang='lat' dir='ltr'><strong>desunt,</strong></span> <span class='ocrx_word' id='word_1_16' title='bbox 1383 478 1584 534; x_wconf 91' lang='lat' dir='ltr'>diebus</span> <span class='ocrx_word' id='word_1_17' title='bbox 1625 464 1952 546; x_wconf 88' lang='lat' dir='ltr'>praesertim</span> <span class='ocrx_word' id='word_1_18' title='bbox 1987 473 2282 528; x_wconf 86' lang='lat' dir='ltr'>dominicis</span> <span class='ocrx_word' id='word_1_19' title='bbox 2325 492 2392 528; x_wconf 92' lang='lat' dir='ltr'>ac</span> 
     </span>
     <span class='ocr_line' id='line_1_4' title="bbox 358 569 2392 666; baseline -0.01 -23"><span class='ocrx_word' id='word_1_20' title='bbox 358 586 524 643; x_wconf 83' lang='lat' dir='ltr'>festis</span> <span class='ocrx_word' id='word_1_21' title='bbox 543 582 908 666; x_wconf 84' lang='lat' dir='ltr'>solemnibus,</span> <span class='ocrx_word' id='word_1_22' title='bbox 923 582 1173 650; x_wconf 83' lang='lat' dir='ltr'>fereque,</span> <span class='ocrx_word' id='word_1_23' title='bbox 1191 582 1468 647; x_wconf 89' lang='lat' dir='ltr'><strong>quotquot</strong></span> <span class='ocrx_word' id='word_1_24' title='bbox 1485 571 1649 627; x_wconf 92' lang='lat' dir='ltr'>dictis</span> <span class='ocrx_word' id='word_1_25' title='bbox 1667 570 1869 624; x_wconf 92' lang='lat' dir='ltr'>diebus</span> <span class='ocrx_word' id='word_1_26' title='bbox 1885 570 2228 624; x_wconf 87' lang='lat' dir='ltr'>confitentur</span> <span class='ocrx_word' id='word_1_27' title='bbox 2238 569 2392 624; x_wconf 94' lang='lat' dir='ltr'>domi</span> 
     </span>
     <span class='ocr_line' id='line_1_5' title="bbox 361 664 2393 749; baseline -0.01 -10"><span class='ocrx_word' id='word_1_28' title='bbox 361 683 611 749; x_wconf 89' lang='lat' dir='ltr'>nostrae,</span> <span class='ocrx_word' id='word_1_29' title='bbox 642 697 859 734; x_wconf 91' lang='lat' dir='ltr'>sacram</span> <span class='ocrx_word' id='word_1_30' title='bbox 885 683 1117 733; x_wconf 91' lang='lat' dir='ltr'>sumunt</span> <span class='ocrx_word' id='word_1_31' title='bbox 1142 668 1569 728; x_wconf 86' lang='lat' dir='ltr'>Eucharistiam.</span> <span class='ocrx_word' id='word_1_32' title='bbox 1602 669 1703 722; x_wconf 92' lang='lat' dir='ltr'>Est</span> <span class='ocrx_word' id='word_1_33' title='bbox 1728 674 1786 721; x_wconf 92' lang='lat' dir='ltr'>et</span> <span class='ocrx_word' id='word_1_34' title='bbox 1812 664 1909 735; x_wconf 91' lang='lat' dir='ltr'>qui</span> <span class='ocrx_word' id='word_1_35' title='bbox 1928 664 2130 720; x_wconf 93' lang='lat' dir='ltr'>diebus</span> <span class='ocrx_word' id='word_1_36' title='bbox 2150 664 2393 720; x_wconf 90' lang='lat' dir='ltr'>domini-</span> 
     </span>
     <span class='ocr_line' id='line_1_6' title="bbox 361 761 2396 846; baseline -0.008 -14"><span class='ocrx_word' id='word_1_37' title='bbox 361 778 447 833; x_wconf 86' lang='lat' dir='ltr'>cis</span> <span class='ocrx_word' id='word_1_38' title='bbox 471 777 530 832; x_wconf 92' lang='lat' dir='ltr'>in</span> <span class='ocrx_word' id='word_1_39' title='bbox 556 775 747 831; x_wconf 88' lang='lat' dir='ltr'>villula</span> <span class='ocrx_word' id='word_1_40' title='bbox 774 791 950 846; x_wconf 90' lang='lat' dir='ltr'>prope</span> <span class='ocrx_word' id='word_1_41' title='bbox 975 767 1371 828; x_wconf 90' lang='lat' dir='ltr'>Salmanticam</span> <span class='ocrx_word' id='word_1_42' title='bbox 1398 781 1603 836; x_wconf 90' lang='lat' dir='ltr'>pueros</span> <span class='ocrx_word' id='word_1_43' title='bbox 1629 763 1830 818; x_wconf 92' lang='lat' dir='ltr'>doceat</span> <span class='ocrx_word' id='word_1_44' title='bbox 1862 761 2040 831; x_wconf 89' lang='lat' dir='ltr'>prima</span> <span class='ocrx_word' id='word_1_45' title='bbox 2075 761 2396 817; x_wconf 90' lang='lat' dir='ltr'>rudimenta</span> 
     </span>
     <span class='ocr_line' id='line_1_7' title="bbox 357 851 1433 941; baseline -0.012 -11"><span class='ocrx_word' id='word_1_46' title='bbox 357 873 705 930; x_wconf 62' lang='lat' dir='ltr'>&gt;christianae</span> <span class='ocrx_word' id='word_1_47' title='bbox 729 867 1036 941; x_wconf 78' lang='lat' dir='ltr'>religionis,</span> <span class='ocrx_word' id='word_1_48' title='bbox 1429 851 1433 856; x_wconf 60' lang='grc'><em>’</em></span> 
     </span>
    </p>

    <p class='ocr_par' dir='ltr' id='par_1_3' title="bbox 351 955 2463 3627">
     <span class='ocr_line' id='line_1_8' title="bbox 477 955 2391 1031; baseline -0.007 -6"><span class='ocrx_word' id='word_1_49' title='bbox 477 969 707 1025; x_wconf 89' lang='lat' dir='ltr'>Adsunt</span> <span class='ocrx_word' id='word_1_50' title='bbox 741 975 799 1023; x_wconf 89' lang='lat' dir='ltr'>et</span> <span class='ocrx_word' id='word_1_51' title='bbox 830 979 1255 1031; x_wconf 85' lang='lat' dir='ltr'>nonnumquam</span> <span class='ocrx_word' id='word_1_52' title='bbox 1282 957 1583 1025; x_wconf 84' lang='lat' dir='ltr'>morituriS‚</span> <span class='ocrx_word' id='word_1_53' title='bbox 1613 964 1695 1023; x_wconf 91' lang='lat' dir='ltr'>vt,</span> <span class='ocrx_word' id='word_1_54' title='bbox 1736 964 2003 1026; x_wconf 86' lang='lat' dir='ltr'>operante</span> <span class='ocrx_word' id='word_1_55' title='bbox 2027 955 2135 1010; x_wconf 90' lang='lat' dir='ltr'>Dei</span> <span class='ocrx_word' id='word_1_56' title='bbox 2162 956 2391 1025; x_wconf 86' lang='lat' dir='ltr'>auxilio,</span> 
     </span>
     <span class='ocr_line' id='line_1_9' title="bbox 360 1051 2394 1139; baseline -0.007 -18"><span class='ocrx_word' id='word_1_57' title='bbox 360 1072 699 1139; x_wconf 82' lang='lat' dir='ltr'>praeparent</span> <span class='ocrx_word' id='word_1_58' title='bbox 725 1061 987 1128; x_wconf 91' lang='lat' dir='ltr'>animam,</span> <span class='ocrx_word' id='word_1_59' title='bbox 1017 1057 1177 1112; x_wconf 90' lang='lat' dir='ltr'>breui</span> <span class='ocrx_word' id='word_1_60' title='bbox 1202 1056 1352 1110; x_wconf 89' lang='lat' dir='ltr'>vitae</span> <span class='ocrx_word' id='word_1_61' title='bbox 1371 1070 1507 1108; x_wconf 88' lang='lat' dir='ltr'>suae</span> <span class='ocrx_word' id='word_1_62' title='bbox 1535 1052 1806 1107; x_wconf 92' lang='lat' dir='ltr'>rationem</span> <span class='ocrx_word' id='word_1_63' title='bbox 1833 1051 2179 1107; x_wconf 90' lang='lat' dir='ltr'>reddituram</span> <span class='ocrx_word' id='word_1_64' title='bbox 2205 1070 2394 1109; x_wconf 92' lang='lat' dir='ltr'>coram</span> 
     </span>
     <span class='ocr_line' id='line_1_10' title="bbox 357 1147 2391 1233; baseline -0.006 -16"><span class='ocrx_word' id='word_1_65' title='bbox 357 1163 518 1233; x_wconf 88' lang='lat' dir='ltr'>justo</span> <span class='ocrx_word' id='word_1_66' title='bbox 536 1158 747 1231; x_wconf 89' lang='lat' dir='ltr'>judice,</span> <span class='ocrx_word' id='word_1_67' title='bbox 771 1160 914 1214; x_wconf 89' lang='lat' dir='ltr'>Deo:</span> <span class='ocrx_word' id='word_1_68' title='bbox 939 1156 1011 1210; x_wconf 92' lang='lat' dir='ltr'>ad</span> <span class='ocrx_word' id='word_1_69' title='bbox 1029 1154 1180 1224; x_wconf 93' lang='lat' dir='ltr'>quod</span> <span class='ocrx_word' id='word_1_70' title='bbox 1205 1170 1348 1222; x_wconf 92' lang='lat' dir='ltr'>opus</span> <span class='ocrx_word' id='word_1_71' title='bbox 1368 1168 1535 1219; x_wconf 92' lang='lat' dir='ltr'>saepe</span> <span class='ocrx_word' id='word_1_72' title='bbox 1554 1156 1830 1203; x_wconf 91' lang='lat' dir='ltr'>vocantur</span> <span class='ocrx_word' id='word_1_73' title='bbox 1849 1147 2021 1217; x_wconf 90' lang='lat' dir='ltr'>aliqui</span> <span class='ocrx_word' id='word_1_74' title='bbox 2047 1156 2391 1217; x_wconf 89' lang='lat' dir='ltr'>nostrorum,</span> 
     </span>
     <span class='ocr_line' id='line_1_11' title="bbox 352 1243 2395 1328; baseline -0.005 -17.926"><span class='ocrx_word' id='word_1_75' title='bbox 352 1258 540 1328; x_wconf 90' lang='lat' dir='ltr'>idque</span> <span class='ocrx_word' id='word_1_76' title='bbox 581 1273 790 1326; x_wconf 90' lang='lat' dir='ltr'>magna</span> <span class='ocrx_word' id='word_1_77' title='bbox 834 1251 1156 1308; x_wconf 89' lang='lat' dir='ltr'>uocantium</span> <span class='ocrx_word' id='word_1_78' title='bbox 1202 1266 1268 1302; x_wconf 91' lang='lat' dir='ltr'>ac</span> <span class='ocrx_word' id='word_1_79' title='bbox 1312 1244 1669 1301; x_wconf 91' lang='lat' dir='ltr'>morientium</span> <span class='ocrx_word' id='word_1_80' title='bbox 1715 1243 2040 1300; x_wconf 89' lang='lat' dir='ltr'>deuotione.</span> <span class='ocrx_word' id='word_1_81' title='bbox 2091 1244 2395 1315; x_wconf 89' lang='lat' dir='ltr'>Speciatim</span> 
     </span>
     <span class='ocr_line' id='line_1_12' title="bbox 351 1339 2390 1418; baseline -0.006 -9"><span class='ocrx_word' id='word_1_82' title='bbox 351 1358 523 1409; x_wconf 71' lang='lat' dir='ltr'>‘nunc</span> <span class='ocrx_word' id='word_1_83' title='bbox 557 1353 795 1407; x_wconf 85' lang='lat' dir='ltr'>referam</span> <span class='ocrx_word' id='word_1_84' title='bbox 840 1348 977 1418; x_wconf 92' lang='lat' dir='ltr'>quid</span> <span class='ocrx_word' id='word_1_85' title='bbox 1015 1346 1164 1401; x_wconf 93' lang='lat' dir='ltr'>circa</span> <span class='ocrx_word' id='word_1_86' title='bbox 1195 1347 1304 1399; x_wconf 93' lang='lat' dir='ltr'>hoc</span> <span class='ocrx_word' id='word_1_87' title='bbox 1338 1340 1604 1397; x_wconf 91' lang='lat' dir='ltr'>acciderit</span> <span class='ocrx_word' id='word_1_88' title='bbox 1646 1340 1843 1411; x_wconf 86' lang='lat' dir='ltr'>paucis</span> <span class='ocrx_word' id='word_1_89' title='bbox 1889 1341 1960 1395; x_wconf 92' lang='lat' dir='ltr'>ab</span> <span class='ocrx_word' id='word_1_90' title='bbox 1997 1339 2132 1395; x_wconf 93' lang='lat' dir='ltr'>hinc</span> <span class='ocrx_word' id='word_1_91' title='bbox 2169 1341 2390 1398; x_wconf 79' lang='lat' dir='ltr'>diebus,</span> 
     </span>
     <span class='ocr_line' id='line_1_13' title="bbox 368 1430 2397 1506; baseline -0.007 0"><span class='ocrx_word' id='word_1_92' title='bbox 368 1430 516 1506; x_wconf 88' lang='lat' dir='ltr'>Nam</span> <span class='ocrx_word' id='word_1_93' title='bbox 548 1465 663 1502; x_wconf 91' lang='lat' dir='ltr'>vno</span> <span class='ocrx_word' id='word_1_94' title='bbox 695 1454 753 1500; x_wconf 95' lang='lat' dir='ltr'>et</span> <span class='ocrx_word' id='word_1_95' title='bbox 789 1444 987 1501; x_wconf 91' lang='lat' dir='ltr'>eodem</span> <span class='ocrx_word' id='word_1_96' title='bbox 1021 1441 1111 1496; x_wconf 89' lang='lat' dir='ltr'>die</span> <span class='ocrx_word' id='word_1_97' title='bbox 1153 1440 1379 1494; x_wconf 91' lang='lat' dir='ltr'>duobus</span> <span class='ocrx_word' id='word_1_98' title='bbox 1418 1437 1740 1491; x_wconf 90' lang='lat' dir='ltr'>hominibus</span> <span class='ocrx_word' id='word_1_99' title='bbox 1773 1436 1975 1492; x_wconf 90' lang='lat' dir='ltr'>laetale</span> <span class='ocrx_word' id='word_1_100' title='bbox 2013 1437 2222 1492; x_wconf 89' lang='lat' dir='ltr'>vulnus</span> <span class='ocrx_word' id='word_1_101' title='bbox 2249 1438 2397 1492; x_wconf 90' lang='lat' dir='ltr'>infli-</span> 
     </span>
     <span class='ocr_line' id='line_1_14' title="bbox 369 1532 2398 1604; baseline -0.004 -4"><span class='ocrx_word' id='word_1_102' title='bbox 369 1554 524 1600; x_wconf 91' lang='lat' dir='ltr'>ctum</span> <span class='ocrx_word' id='word_1_103' title='bbox 552 1551 657 1598; x_wconf 90' lang='lat' dir='ltr'>est.</span> <span class='ocrx_word' id='word_1_104' title='bbox 688 1543 852 1597; x_wconf 90' lang='lat' dir='ltr'>Vnus</span> <span class='ocrx_word' id='word_1_105' title='bbox 878 1547 999 1594; x_wconf 92' lang='lat' dir='ltr'>erat</span> <span class='ocrx_word' id='word_1_106' title='bbox 1024 1537 1219 1604; x_wconf 91' lang='lat' dir='ltr'>laicus,</span> <span class='ocrx_word' id='word_1_107' title='bbox 1249 1543 1369 1591; x_wconf 91' lang='lat' dir='ltr'>arte</span> <span class='ocrx_word' id='word_1_108' title='bbox 1394 1533 1720 1590; x_wconf 90' lang='lat' dir='ltr'>mechanica</span> <span class='ocrx_word' id='word_1_109' title='bbox 1746 1532 1853 1588; x_wconf 91' lang='lat' dir='ltr'>sibi</span> <span class='ocrx_word' id='word_1_110' title='bbox 1881 1533 2235 1604; x_wconf 86' lang='lat' dir='ltr'>familiaeque</span> <span class='ocrx_word' id='word_1_111' title='bbox 2261 1553 2398 1591; x_wconf 94' lang='lat' dir='ltr'>suae</span> 
     </span>
     <span class='ocr_line' id='line_1_15' title="bbox 368 1629 2398 1710; baseline -0.004 -15"><span class='ocrx_word' id='word_1_112' title='bbox 368 1641 584 1695; x_wconf 90' lang='lat' dir='ltr'>victum</span> <span class='ocrx_word' id='word_1_113' title='bbox 611 1636 952 1710; x_wconf 85' lang='lat' dir='ltr'>quaeritans,</span> <span class='ocrx_word' id='word_1_114' title='bbox 984 1635 1124 1690; x_wconf 90' lang='lat' dir='ltr'>alter</span> <span class='ocrx_word' id='word_1_115' title='bbox 1146 1651 1281 1689; x_wconf 91' lang='lat' dir='ltr'>vero</span> <span class='ocrx_word' id='word_1_116' title='bbox 1300 1629 1530 1702; x_wconf 90' lang='lat' dir='ltr'>juuenis</span> <span class='ocrx_word' id='word_1_117' title='bbox 1555 1629 1946 1686; x_wconf 91' lang='lat' dir='ltr'>nouemdecim</span> <span class='ocrx_word' id='word_1_118' title='bbox 1973 1629 2197 1684; x_wconf 91' lang='lat' dir='ltr'>circiter</span> <span class='ocrx_word' id='word_1_119' title='bbox 2215 1649 2398 1686; x_wconf 89' lang='lat' dir='ltr'>anno-</span> 
     </span>
     <span class='ocr_line' id='line_1_16' title="bbox 368 1726 2395 1805; baseline -0.004 -14"><span class='ocrx_word' id='word_1_120' title='bbox 368 1755 514 1803; x_wconf 94' lang='lat' dir='ltr'>rum,</span> <span class='ocrx_word' id='word_1_121' title='bbox 543 1735 715 1805; x_wconf 91' lang='lat' dir='ltr'>hujus</span> <span class='ocrx_word' id='word_1_122' title='bbox 740 1729 1123 1787; x_wconf 84' lang='lat' dir='ltr'>Vniuersitatis</span> <span class='ocrx_word' id='word_1_123' title='bbox 1149 1730 1427 1794; x_wconf 88' lang='lat' dir='ltr'>alumnus;</span> <span class='ocrx_word' id='word_1_124' title='bbox 1458 1728 1611 1796; x_wconf 92' lang='lat' dir='ltr'>quod</span> <span class='ocrx_word' id='word_1_125' title='bbox 1636 1726 1824 1780; x_wconf 91' lang='lat' dir='ltr'>statim</span> <span class='ocrx_word' id='word_1_126' title='bbox 1853 1735 2023 1796; x_wconf 90' lang='lat' dir='ltr'>atque</span> <span class='ocrx_word' id='word_1_127' title='bbox 2056 1726 2395 1799; x_wconf 82' lang='lat' dir='ltr'>contigerat,</span> 
     </span>
     <span class='ocr_line' id='line_1_17' title="bbox 366 1822 2397 1896; baseline -0.004 -9"><span class='ocrx_word' id='word_1_128' title='bbox 366 1830 627 1887; x_wconf 86' lang='lat' dir='ltr'>accersiti</span> <span class='ocrx_word' id='word_1_129' title='bbox 647 1846 860 1884; x_wconf 82' lang='lat' dir='ltr'>sumus,</span> <span class='ocrx_word' id='word_1_130' title='bbox 882 1829 1075 1896; x_wconf 92' lang='lat' dir='ltr'>Itaque</span> <span class='ocrx_word' id='word_1_131' title='bbox 1098 1828 1265 1880; x_wconf 89' lang='lat' dir='ltr'>Pater</span> <span class='ocrx_word' id='word_1_132' title='bbox 1285 1825 1499 1891; x_wconf 94' lang='lat' dir='ltr'>doctor,</span> <span class='ocrx_word' id='word_1_133' title='bbox 1529 1832 1592 1877; x_wconf 92' lang='lat' dir='ltr'>vt</span> <span class='ocrx_word' id='word_1_134' title='bbox 1619 1822 1897 1893; x_wconf 88' lang='lat' dir='ltr'>praesenti</span> <span class='ocrx_word' id='word_1_135' title='bbox 1921 1823 2244 1878; x_wconf 88' lang='lat' dir='ltr'>necessitati</span> <span class='ocrx_word' id='word_1_136' title='bbox 2265 1842 2397 1879; x_wconf 93' lang='lat' dir='ltr'>suc-</span> 
     </span>
     <span class='ocr_line' id='line_1_18' title="bbox 370 1919 2401 2000; baseline -0.003 -17"><span class='ocrx_word' id='word_1_137' title='bbox 370 1934 642 1992; x_wconf 89' lang='lat' dir='ltr'>curreret,</span> <span class='ocrx_word' id='word_1_138' title='bbox 666 1924 804 1996; x_wconf 92' lang='lat' dir='ltr'>ipse,</span> <span class='ocrx_word' id='word_1_139' title='bbox 830 1941 942 1977; x_wconf 89' lang='lat' dir='ltr'>vno</span> <span class='ocrx_word' id='word_1_140' title='bbox 962 1923 1131 1976; x_wconf 88' lang='lat' dir='ltr'>fratre</span> <span class='ocrx_word' id='word_1_141' title='bbox 1151 1921 1469 1985; x_wconf 90' lang='lat' dir='ltr'>comitatus,</span> <span class='ocrx_word' id='word_1_142' title='bbox 1494 1919 1680 1990; x_wconf 90' lang='lat' dir='ltr'>pergit</span> <span class='ocrx_word' id='word_1_143' title='bbox 1701 1920 1772 1973; x_wconf 89' lang='lat' dir='ltr'>ad</span> <span class='ocrx_word' id='word_1_144' title='bbox 1792 1938 1968 1973; x_wconf 89' lang='lat' dir='ltr'>vnum</span> <span class='ocrx_word' id='word_1_145' title='bbox 1988 1919 2229 1975; x_wconf 88' lang='lat' dir='ltr'>illorum:</span> <span class='ocrx_word' id='word_1_146' title='bbox 2255 1922 2401 2000; x_wconf 87' lang='lat' dir='ltr'>duos</span> 
     </span>
     <span class='ocr_line' id='line_1_19' title="bbox 367 2015 2399 2087; baseline -0.003 -8"><span class='ocrx_word' id='word_1_147' title='bbox 367 2042 505 2081; x_wconf 87' lang='lat' dir='ltr'>vero</span> <span class='ocrx_word' id='word_1_148' title='bbox 539 2030 860 2077; x_wconf 92' lang='lat' dir='ltr'>nostrorum</span> <span class='ocrx_word' id='word_1_149' title='bbox 906 2018 1075 2072; x_wconf 90' lang='lat' dir='ltr'>mittit</span> <span class='ocrx_word' id='word_1_150' title='bbox 1109 2018 1180 2073; x_wconf 92' lang='lat' dir='ltr'>ad</span> <span class='ocrx_word' id='word_1_151' title='bbox 1213 2018 1470 2083; x_wconf 89' lang='lat' dir='ltr'>alterum,</span> <span class='ocrx_word' id='word_1_152' title='bbox 1508 2015 1606 2070; x_wconf 89' lang='lat' dir='ltr'>vbi</span> <span class='ocrx_word' id='word_1_153' title='bbox 1639 2016 1820 2087; x_wconf 93' lang='lat' dir='ltr'>primo</span> <span class='ocrx_word' id='word_1_154' title='bbox 1847 2016 2098 2071; x_wconf 93' lang='lat' dir='ltr'>omnium</span> <span class='ocrx_word' id='word_1_155' title='bbox 2144 2018 2276 2073; x_wconf 91' lang='lat' dir='ltr'>data</span> <span class='ocrx_word' id='word_1_156' title='bbox 2311 2030 2399 2075; x_wconf 91' lang='lat' dir='ltr'>est</span> 
     </span>
     <span class='ocr_line' id='line_1_20' title="bbox 379 2112 2398 2191; baseline -0.003 -14"><span class='ocrx_word' id='word_1_157' title='bbox 379 2138 552 2191; x_wconf 92' lang='lat' dir='ltr'>opera</span> <span class='ocrx_word' id='word_1_158' title='bbox 578 2117 773 2172; x_wconf 92' lang='lat' dir='ltr'>sedula</span> <span class='ocrx_word' id='word_1_159' title='bbox 797 2124 859 2170; x_wconf 90' lang='lat' dir='ltr'>vt</span> <span class='ocrx_word' id='word_1_160' title='bbox 885 2123 1115 2186; x_wconf 90' lang='lat' dir='ltr'>peccata</span> <span class='ocrx_word' id='word_1_161' title='bbox 1139 2114 1558 2179; x_wconf 87' lang='lat' dir='ltr'>confiterentur,</span> <span class='ocrx_word' id='word_1_162' title='bbox 1590 2121 1648 2169; x_wconf 93' lang='lat' dir='ltr'>et</span> <span class='ocrx_word' id='word_1_163' title='bbox 1673 2112 1762 2167; x_wconf 90' lang='lat' dir='ltr'>his</span> <span class='ocrx_word' id='word_1_164' title='bbox 1787 2130 1857 2167; x_wconf 88' lang='lat' dir='ltr'>ex</span> <span class='ocrx_word' id='word_1_165' title='bbox 1884 2113 2074 2168; x_wconf 90' lang='lat' dir='ltr'>animo</span> <span class='ocrx_word' id='word_1_166' title='bbox 2108 2115 2398 2170; x_wconf 89' lang='lat' dir='ltr'>condona-</span> 
     </span>
     <span class='ocr_line' id='line_1_21' title="bbox 368 2209 2394 2284; baseline -0.002 -13"><span class='ocrx_word' id='word_1_167' title='bbox 368 2224 515 2283; x_wconf 86' lang='lat' dir='ltr'>rent,</span> <span class='ocrx_word' id='word_1_168' title='bbox 540 2214 637 2284; x_wconf 92' lang='lat' dir='ltr'>qui</span> <span class='ocrx_word' id='word_1_169' title='bbox 655 2213 864 2268; x_wconf 88' lang='lat' dir='ltr'>vulnus</span> <span class='ocrx_word' id='word_1_170' title='bbox 885 2211 1207 2267; x_wconf 89' lang='lat' dir='ltr'>intulerant.</span> <span class='ocrx_word' id='word_1_171' title='bbox 1226 2209 1426 2283; x_wconf 92' lang='lat' dir='ltr'>Junior</span> <span class='ocrx_word' id='word_1_172' title='bbox 1451 2209 1695 2277; x_wconf 90' lang='lat' dir='ltr'>illorum,</span> <span class='ocrx_word' id='word_1_173' title='bbox 1721 2229 1889 2281; x_wconf 93' lang='lat' dir='ltr'>quem</span> <span class='ocrx_word' id='word_1_174' title='bbox 1917 2212 2230 2267; x_wconf 85' lang='lat' dir='ltr'>scholarem</span> <span class='ocrx_word' id='word_1_175' title='bbox 2257 2212 2394 2280; x_wconf 84' lang='lat' dir='ltr'>dixi,</span> 
     </span>
     <span class='ocr_line' id='line_1_22' title="bbox 373 2305 2399 2377; baseline -0 -12"><span class='ocrx_word' id='word_1_176' title='bbox 373 2314 599 2367; x_wconf 87' lang='lat' dir='ltr'>fratrem</span> <span class='ocrx_word' id='word_1_177' title='bbox 619 2309 865 2363; x_wconf 90' lang='lat' dir='ltr'>habebat</span> <span class='ocrx_word' id='word_1_178' title='bbox 885 2306 1217 2361; x_wconf 92' lang='lat' dir='ltr'>canonicum</span> <span class='ocrx_word' id='word_1_179' title='bbox 1243 2306 1302 2359; x_wconf 92' lang='lat' dir='ltr'>in</span> <span class='ocrx_word' id='word_1_180' title='bbox 1323 2306 1560 2362; x_wconf 91' lang='lat' dir='ltr'>ecclesia</span> <span class='ocrx_word' id='word_1_181' title='bbox 1585 2305 1893 2361; x_wconf 87' lang='lat' dir='ltr'>cathedrali</span> <span class='ocrx_word' id='word_1_182' title='bbox 1918 2307 2274 2377; x_wconf 90' lang='lat' dir='ltr'>salmantina,</span> <span class='ocrx_word' id='word_1_183' title='bbox 2305 2309 2399 2364; x_wconf 92' lang='lat' dir='ltr'>cui</span> 
     </span>
     <span class='ocr_line' id='line_1_23' title="bbox 374 2403 2398 2474; baseline -0 -12"><span class='ocrx_word' id='word_1_184' title='bbox 374 2417 431 2463; x_wconf 90' lang='lat' dir='ltr'>et</span> <span class='ocrx_word' id='word_1_185' title='bbox 465 2405 852 2471; x_wconf 82' lang='lat' dir='ltr'>cohabitabat3</span> <span class='ocrx_word' id='word_1_186' title='bbox 889 2411 1172 2458; x_wconf 89' lang='lat' dir='ltr'>caeterum</span> <span class='ocrx_word' id='word_1_187' title='bbox 1205 2403 1297 2457; x_wconf 89' lang='lat' dir='ltr'>hic</span> <span class='ocrx_word' id='word_1_188' title='bbox 1331 2422 1445 2458; x_wconf 92' lang='lat' dir='ltr'>non</span> <span class='ocrx_word' id='word_1_189' title='bbox 1478 2403 1794 2474; x_wconf 80' lang='lat' dir='ltr'>incongrue</span> <span class='ocrx_word' id='word_1_190' title='bbox 1820 2403 1960 2458; x_wconf 92' lang='lat' dir='ltr'>illud</span> <span class='ocrx_word' id='word_1_191' title='bbox 1985 2406 2398 2461; x_wconf 91' lang='lat' dir='ltr'>accommodari</span> 
     </span>
     <span class='ocr_line' id='line_1_24' title="bbox 374 2499 2400 2575; baseline 0 -18"><span class='ocrx_word' id='word_1_192' title='bbox 374 2509 581 2575; x_wconf 93' lang='lat' dir='ltr'>potest,</span> <span class='ocrx_word' id='word_1_193' title='bbox 623 2500 777 2570; x_wconf 93' lang='lat' dir='ltr'>quod</span> <span class='ocrx_word' id='word_1_194' title='bbox 811 2499 974 2553; x_wconf 90' lang='lat' dir='ltr'>divus</span> <span class='ocrx_word' id='word_1_195' title='bbox 1001 2499 1198 2553; x_wconf 91' lang='lat' dir='ltr'>asserit</span> <span class='ocrx_word' id='word_1_196' title='bbox 1231 2499 1592 2570; x_wconf 84' lang='lat' dir='ltr'>Augustinus</span> <span class='ocrx_word' id='word_1_197' title='bbox 1623 2502 1662 2565; x_wconf 86' lang='lat'>¹,</span> <span class='ocrx_word' id='word_1_198' title='bbox 1693 2518 1824 2554; x_wconf 94' lang='lat' dir='ltr'>cum</span> <span class='ocrx_word' id='word_1_199' title='bbox 1856 2502 2015 2555; x_wconf 92' lang='lat' dir='ltr'>Deus</span> <span class='ocrx_word' id='word_1_200' title='bbox 2043 2500 2400 2572; x_wconf 91' lang='lat' dir='ltr'>omnipotens</span> 
     </span>
     <span class='ocr_line' id='line_1_25' title="bbox 370 2594 2399 2667; baseline 0 -14"><span class='ocrx_word' id='word_1_201' title='bbox 370 2600 592 2654; x_wconf 74' lang='lat' dir='ltr'>vsumme</span> <span class='ocrx_word' id='word_1_202' title='bbox 616 2598 800 2651; x_wconf 92' lang='lat' dir='ltr'>bonus</span> <span class='ocrx_word' id='word_1_203' title='bbox 827 2594 918 2663; x_wconf 92' lang='lat' dir='ltr'>sit,</span> <span class='ocrx_word' id='word_1_204' title='bbox 941 2613 1294 2665; x_wconf 90' lang='lat' dir='ltr'>nequaquam</span> <span class='ocrx_word' id='word_1_205' title='bbox 1314 2595 1508 2665; x_wconf 89' lang='lat' dir='ltr'>vtique</span> <span class='ocrx_word' id='word_1_206' title='bbox 1528 2597 1736 2651; x_wconf 93' lang='lat' dir='ltr'>malum</span> <span class='ocrx_word' id='word_1_207' title='bbox 1757 2596 1879 2651; x_wconf 91' lang='lat' dir='ltr'>fieri</span> <span class='ocrx_word' id='word_1_208' title='bbox 1898 2597 2266 2667; x_wconf 91' lang='lat' dir='ltr'>permitteret,</span> <span class='ocrx_word' id='word_1_209' title='bbox 2290 2598 2399 2653; x_wconf 91' lang='lat' dir='ltr'>nisi</span> 
     </span>
     <span class='ocr_line' id='line_1_26' title="bbox 375 2679 2398 2765; baseline -0 -16"><span class='ocrx_word' id='word_1_210' title='bbox 375 2714 446 2750; x_wconf 86' lang='lat' dir='ltr'>ex</span> <span class='ocrx_word' id='word_1_211' title='bbox 472 2694 622 2747; x_wconf 87' lang='lat' dir='ltr'>malo</span> <span class='ocrx_word' id='word_1_212' title='bbox 658 2679 874 2746; x_wconf 89' lang='lat' dir='ltr'>bonum</span> <span class='ocrx_word' id='word_1_213' title='bbox 910 2691 1078 2746; x_wconf 90' lang='lat' dir='ltr'>sciret</span> <span class='ocrx_word' id='word_1_214' title='bbox 1113 2691 1333 2748; x_wconf 90' lang='lat' dir='ltr'>elicere.</span> <span class='ocrx_word' id='word_1_215' title='bbox 1372 2692 1468 2748; x_wconf 87' lang='lat' dir='ltr'>Sic</span> <span class='ocrx_word' id='word_1_216' title='bbox 1501 2692 1677 2764; x_wconf 89' lang='lat' dir='ltr'>igitur</span> <span class='ocrx_word' id='word_1_217' title='bbox 1711 2711 1863 2760; x_wconf 92' lang='lat' dir='ltr'>vere,</span> <span class='ocrx_word' id='word_1_218' title='bbox 1895 2693 2139 2749; x_wconf 92' lang='lat' dir='ltr'>Domino</span> <span class='ocrx_word' id='word_1_219' title='bbox 2166 2695 2398 2765; x_wconf 89' lang='lat' dir='ltr'>permit—</span> 
     </span>
     <span class='ocr_line' id='line_1_27' title="bbox 369 2771 2401 2861; baseline 0 -16"><span class='ocrx_word' id='word_1_220' title='bbox 369 2798 550 2855; x_wconf 87' lang='lat' dir='ltr'>tente,</span> <span class='ocrx_word' id='word_1_221' title='bbox 583 2771 793 2842; x_wconf 78' lang='lat' dir='ltr'>factum</span> <span class='ocrx_word' id='word_1_222' title='bbox 820 2797 927 2855; x_wconf 92' lang='lat' dir='ltr'>est,</span> <span class='ocrx_word' id='word_1_223' title='bbox 959 2796 1019 2841; x_wconf 90' lang='lat' dir='ltr'>vt</span> <span class='ocrx_word' id='word_1_224' title='bbox 1043 2787 1135 2842; x_wconf 91' lang='lat' dir='ltr'>hic</span> <span class='ocrx_word' id='word_1_225' title='bbox 1155 2788 1384 2858; x_wconf 90' lang='lat' dir='ltr'>juuenis</span> <span class='ocrx_word' id='word_1_226' title='bbox 1410 2790 1481 2843; x_wconf 92' lang='lat' dir='ltr'>ad</span> <span class='ocrx_word' id='word_1_227' title='bbox 1515 2798 1752 2844; x_wconf 91' lang='lat' dir='ltr'>mortem</span> <span class='ocrx_word' id='word_1_228' title='bbox 1787 2791 2199 2857; x_wconf 90' lang='lat' dir='ltr'>vulneraretur,</span> <span class='ocrx_word' id='word_1_229' title='bbox 2229 2799 2401 2861; x_wconf 91' lang='lat' dir='ltr'>atque</span> 
     </span>
     <span class='ocr_line' id='line_1_28' title="bbox 370 2882 2399 2953; baseline 0.001 -13"><span class='ocrx_word' id='word_1_230' title='bbox 370 2886 433 2939; x_wconf 90' lang='lat' dir='ltr'>in</span> <span class='ocrx_word' id='word_1_231' title='bbox 461 2885 628 2940; x_wconf 91' lang='lat' dir='ltr'>aedes</span> <span class='ocrx_word' id='word_1_232' title='bbox 655 2882 842 2937; x_wconf 87' lang='lat' dir='ltr'>fratris</span> <span class='ocrx_word' id='word_1_233' title='bbox 863 2882 949 2937; x_wconf 93' lang='lat' dir='ltr'>sui</span> <span class='ocrx_word' id='word_1_234' title='bbox 975 2883 1111 2936; x_wconf 90' lang='lat' dir='ltr'>inibi</span> <span class='ocrx_word' id='word_1_235' title='bbox 1137 2884 1441 2939; x_wconf 91' lang='lat' dir='ltr'>moriturus</span> <span class='ocrx_word' id='word_1_236' title='bbox 1468 2886 1808 2953; x_wconf 84' lang='lat' dir='ltr'>deferretur;</span> <span class='ocrx_word' id='word_1_237' title='bbox 1839 2903 1910 2940; x_wconf 88' lang='lat' dir='ltr'>ex</span> <span class='ocrx_word' id='word_1_238' title='bbox 1935 2889 2049 2941; x_wconf 96' lang='lat' dir='ltr'>hoc</span> <span class='ocrx_word' id='word_1_239' title='bbox 2084 2886 2233 2942; x_wconf 93' lang='lat' dir='ltr'>enim</span> <span class='ocrx_word' id='word_1_240' title='bbox 2260 2905 2399 2942; x_wconf 89' lang='lat' dir='ltr'>con-</span> 
     </span>
     <span class='ocr_line' id='line_1_29' title="bbox 355 2978 2463 3050; baseline 0.001 -14"><span class='ocrx_word' id='word_1_241' title='bbox 355 2982 679 3050; x_wconf 87' lang='lat' dir='ltr'>sequenter</span> <span class='ocrx_word' id='word_1_242' title='bbox 713 2978 976 3032; x_wconf 89' lang='lat' dir='ltr'>effectum</span> <span class='ocrx_word' id='word_1_243' title='bbox 1011 2987 1115 3046; x_wconf 92' lang='lat' dir='ltr'>est,</span> <span class='ocrx_word' id='word_1_244' title='bbox 1153 2987 1216 3033; x_wconf 87' lang='lat' dir='ltr'>vt</span> <span class='ocrx_word' id='word_1_245' title='bbox 1252 2981 1557 3036; x_wconf 90' lang='lat' dir='ltr'>canonicus</span> <span class='ocrx_word' id='word_1_246' title='bbox 1590 2981 1683 3038; x_wconf 90' lang='lat' dir='ltr'>ille</span> <span class='ocrx_word' id='word_1_247' title='bbox 1717 2999 1847 3036; x_wconf 94' lang='lat' dir='ltr'>cum</span> <span class='ocrx_word' id='word_1_248' title='bbox 1885 2990 2065 3038; x_wconf 89' lang='lat' dir='ltr'>matre</span> <span class='ocrx_word' id='word_1_249' title='bbox 2092 2992 2214 3049; x_wconf 87' lang='lat' dir='ltr'>sua,</span> <span class='ocrx_word' id='word_1_250' title='bbox 2252 2982 2401 3041; x_wconf 90' lang='lat' dir='ltr'>inter</span> <span class='ocrx_word' id='word_1_251' title='bbox 2459 3009 2463 3011; x_wconf 44' lang='grc'><strong>“</strong></span> 
     </span>
     <span class='ocr_line' id='line_1_30' title="bbox 377 3074 2399 3146; baseline 0.002 -16"><span class='ocrx_word' id='word_1_252' title='bbox 377 3094 521 3146; x_wconf 90' lang='lat' dir='ltr'>quos</span> <span class='ocrx_word' id='word_1_253' title='bbox 565 3074 677 3129; x_wconf 92' lang='lat' dir='ltr'>iam</span> <span class='ocrx_word' id='word_1_254' title='bbox 722 3075 936 3127; x_wconf 90' lang='lat' dir='ltr'>dudum</span> <span class='ocrx_word' id='word_1_255' title='bbox 983 3093 1188 3146; x_wconf 90' lang='lat' dir='ltr'>graues</span> <span class='ocrx_word' id='word_1_256' title='bbox 1231 3075 1662 3132; x_wconf 91' lang='lat' dir='ltr'>intercesserant</span> <span class='ocrx_word' id='word_1_257' title='bbox 1706 3077 2050 3146; x_wconf 90' lang='lat' dir='ltr'>inimicitiae,</span> <span class='ocrx_word' id='word_1_258' title='bbox 2089 3079 2298 3136; x_wconf 92' lang='lat' dir='ltr'>rediret</span> <span class='ocrx_word' id='word_1_259' title='bbox 2340 3080 2399 3134; x_wconf 91' lang='lat' dir='ltr'>in</span> 
     </span>
     <span class='ocr_line' id='line_1_31' title="bbox 378 3170 2400 3245; baseline 0.003 -21"><span class='ocrx_word' id='word_1_260' title='bbox 378 3171 636 3244; x_wconf 86' lang='lat' dir='ltr'>gratiam.</span> <span class='ocrx_word' id='word_1_261' title='bbox 678 3170 936 3226; x_wconf 89' lang='lat' dir='ltr'>Audiens</span> <span class='ocrx_word' id='word_1_262' title='bbox 968 3170 1117 3225; x_wconf 91' lang='lat' dir='ltr'>enim</span> <span class='ocrx_word' id='word_1_263' title='bbox 1150 3180 1328 3226; x_wconf 89' lang='lat' dir='ltr'>mater</span> <span class='ocrx_word' id='word_1_264' title='bbox 1361 3173 1538 3227; x_wconf 90' lang='lat' dir='ltr'>filium</span> <span class='ocrx_word' id='word_1_265' title='bbox 1564 3175 1942 3242; x_wconf 88' lang='lat' dir='ltr'>vulneratum,</span> <span class='ocrx_word' id='word_1_266' title='bbox 1973 3174 2198 3245; x_wconf 90' lang='lat' dir='ltr'>iamque</span> <span class='ocrx_word' id='word_1_267' title='bbox 2232 3176 2400 3231; x_wconf 93' lang='lat' dir='ltr'>morti</span> 
     </span>
     <span class='ocr_line' id='line_1_32' title="bbox 376 3266 2401 3336; baseline 0.003 -15"><span class='ocrx_word' id='word_1_268' title='bbox 376 3266 739 3332; x_wconf 91' lang='lat' dir='ltr'>destinatum,</span> <span class='ocrx_word' id='word_1_269' title='bbox 770 3283 884 3319; x_wconf 93' lang='lat' dir='ltr'>non</span> <span class='ocrx_word' id='word_1_270' title='bbox 911 3266 1093 3336; x_wconf 92' lang='lat' dir='ltr'>potuit</span> <span class='ocrx_word' id='word_1_271' title='bbox 1118 3275 1405 3322; x_wconf 86' lang='lat' dir='ltr'>maternus</span> <span class='ocrx_word' id='word_1_272' title='bbox 1439 3270 1675 3324; x_wconf 91' lang='lat' dir='ltr'>affectus</span> <span class='ocrx_word' id='word_1_273' title='bbox 1702 3269 2027 3326; x_wconf 91' lang='lat' dir='ltr'>charissima</span> <span class='ocrx_word' id='word_1_274' title='bbox 2052 3271 2271 3327; x_wconf 89' lang='lat' dir='ltr'>viscera</span> <span class='ocrx_word' id='word_1_275' title='bbox 2296 3290 2401 3327; x_wconf 91' lang='lat' dir='ltr'>sua</span> 
     </span>
     <span class='ocr_line' id='line_1_33' title="bbox 377 3361 2398 3433; baseline 0.002 -15"><span class='ocrx_word' id='word_1_276' title='bbox 377 3381 493 3418; x_wconf 92' lang='lat' dir='ltr'>non</span> <span class='ocrx_word' id='word_1_277' title='bbox 518 3361 710 3416; x_wconf 91' lang='lat' dir='ltr'>videre</span> <span class='ocrx_word' id='word_1_278' title='bbox 742 3362 1155 3432; x_wconf 87' lang='lat' dir='ltr'>amplexarique</span> <span class='ocrx_word' id='word_1_279' title='bbox 1192 3372 1493 3433; x_wconf 91' lang='lat' dir='ltr'>antequam</span> <span class='ocrx_word' id='word_1_280' title='bbox 1528 3365 1597 3419; x_wconf 92' lang='lat' dir='ltr'>ab</span> <span class='ocrx_word' id='word_1_281' title='bbox 1638 3365 1816 3420; x_wconf 89' lang='lat' dir='ltr'>oculis</span> <span class='ocrx_word' id='word_1_282' title='bbox 1848 3366 1967 3421; x_wconf 90' lang='lat' dir='ltr'>suis</span> <span class='ocrx_word' id='word_1_283' title='bbox 2000 3368 2398 3424; x_wconf 88' lang='lat' dir='ltr'>avellerentur.</span> 
     </span>
     <span class='ocr_line' id='line_1_34' title="bbox 380 3457 2400 3534; baseline 0.002 -21"><span class='ocrx_word' id='word_1_284' title='bbox 380 3461 506 3513; x_wconf 92' lang='lat' dir='ltr'>Hac</span> <span class='ocrx_word' id='word_1_285' title='bbox 543 3475 682 3529; x_wconf 91' lang='lat' dir='ltr'>ergo</span> <span class='ocrx_word' id='word_1_286' title='bbox 707 3457 780 3513; x_wconf 93' lang='lat' dir='ltr'>de</span> <span class='ocrx_word' id='word_1_287' title='bbox 805 3474 976 3511; x_wconf 92' lang='lat' dir='ltr'>causa</span> <span class='ocrx_word' id='word_1_288' title='bbox 1001 3458 1157 3513; x_wconf 89' lang='lat' dir='ltr'>venit</span> <span class='ocrx_word' id='word_1_289' title='bbox 1180 3468 1357 3513; x_wconf 91' lang='lat' dir='ltr'>mater</span> <span class='ocrx_word' id='word_1_290' title='bbox 1387 3459 1446 3513; x_wconf 92' lang='lat' dir='ltr'>in</span> <span class='ocrx_word' id='word_1_291' title='bbox 1480 3461 1708 3515; x_wconf 93' lang='lat' dir='ltr'>domum</span> <span class='ocrx_word' id='word_1_292' title='bbox 1743 3462 2018 3530; x_wconf 91' lang='lat' dir='ltr'>canonici,</span> <span class='ocrx_word' id='word_1_293' title='bbox 2062 3481 2233 3534; x_wconf 92' lang='lat' dir='ltr'>quam</span> <span class='ocrx_word' id='word_1_294' title='bbox 2269 3482 2400 3519; x_wconf 92' lang='lat' dir='ltr'>cum</span> 
     </span>
     <span class='ocr_line' id='line_1_35' title="bbox 378 3551 2407 3627; baseline 0.003 -18"><span class='ocrx_word' id='word_1_295' title='bbox 378 3555 577 3609; x_wconf 91' lang='lat' dir='ltr'>adesse</span> <span class='ocrx_word' id='word_1_296' title='bbox 602 3551 982 3624; x_wconf 86' lang='lat' dir='ltr'>cognovisset,</span> <span class='ocrx_word' id='word_1_297' title='bbox 1007 3552 1232 3624; x_wconf 87' lang='lat' dir='ltr'>fugiens</span> <span class='ocrx_word' id='word_1_298' title='bbox 1252 3573 1285 3609; x_wconf 89' lang='lat' dir='ltr'>a</span> <span class='ocrx_word' id='word_1_299' title='bbox 1305 3565 1609 3626; x_wconf 91' lang='lat' dir='ltr'>conspectu</span> <span class='ocrx_word' id='word_1_300' title='bbox 1632 3557 1773 3627; x_wconf 92' lang='lat' dir='ltr'>ejus,</span> <span class='ocrx_word' id='word_1_301' title='bbox 1799 3558 2031 3614; x_wconf 90' lang='lat' dir='ltr'>secessit</span> <span class='ocrx_word' id='word_1_302' title='bbox 2050 3558 2111 3613; x_wconf 91' lang='lat' dir='ltr'>in</span> <span class='ocrx_word' id='word_1_303' title='bbox 2130 3559 2407 3616; x_wconf 84' lang='lat' dir='ltr'>secretio·</span> 
     </span>
    </p>
   </div>
   <div class='ocr_carea' id='block_1_3' title="bbox 397 3693 727 3703">
    <p class='ocr_par' dir='ltr' id='par_1_4' title="bbox 397 3693 727 3703">
     <span class='ocr_line' id='line_1_36' title="bbox 397 3693 727 3703; baseline 0 593"><span class='ocrx_word' id='word_1_304' title='bbox 397 3693 727 3703; x_wconf 95' lang='lat' dir='ltr'> </span> 
     </span>
    </p>
   </div>
   <div class='ocr_carea' id='block_1_4' title="bbox 472 3759 1170 3819">
    <p class='ocr_par' dir='ltr' id='par_1_5' title="bbox 472 3759 1170 3819">
     <span class='ocr_line' id='line_1_37' title="bbox 472 3759 1170 3819; baseline 0.004 -15"><span class='ocrx_word' id='word_1_305' title='bbox 472 3763 486 3788; x_wconf 81' lang='lat'><strong>¹</strong></span> <span class='ocrx_word' id='word_1_306' title='bbox 547 3761 604 3805; x_wconf 92' lang='lat' dir='ltr'>In</span> <span class='ocrx_word' id='word_1_307' title='bbox 624 3759 905 3813; x_wconf 58' lang='lat' dir='ltr'>Euchirid„</span> <span class='ocrx_word' id='word_1_308' title='bbox 930 3775 978 3804; x_wconf 89' lang='lat' dir='ltr'>n.</span> <span class='ocrx_word' id='word_1_309' title='bbox 1006 3771 1077 3819; x_wconf 80' lang='lat'>11,</span> <span class='ocrx_word' id='word_1_310' title='bbox 1097 3771 1170 3818; x_wconf 90' lang='lat'>27.</span> 
     </span>
    </p>
   </div>
  </div>
 </body>
</html>
