2658 4296
374 287 486 350 *7⁴84
1074 289 1370 332 EPISTOLAE
1402 278 1760 335 MixTAE-466

1327 584 1487 636 ‘468

1046 708 1459 760 FRANCISCUS
1497 705 1786 752 PALMIUS

771 838 1036 891 PATRI
1101 830 1474 889 IGNATIO
1533 824 1645 903 DE
1702 824 2066 880 LOYOLA

960 978 1206 1013 >BONONIA
1242 975 1295 1009 10
1325 970 1649 1008 SEPTEMBRIS
1672 968 1799 1015 ‘1552
1824 962 1857 1001 ¹.

382 1090 608 1135 ²-Litteras
631 1090 693 1133 ab
715 1089 836 1133 urbe
859 1091 1086 1145 acceptas
1109 1081 1345 1136 Landino,
1368 1079 1447 1124 cui
1475 1078 1749 1123 destinatae
1772 1082 1929 1134 erant,
1951 1074 2243 1120 misit.-De
2259 1076 2444 1121 ‘erratis

484 1162 584 1208 suis
607 1163 802 1208 veniam
821 1163 886 1206 ab
908 1159 1099 1218 Ignatio
1123 1171 1296 1215 magna
1313 1154 1462 1200 animi
1476 1152 1774 1198 demissione
1792 1149 2099 1209 poscit.——Se
2118 1149 2317 1196 omnino
2334 1149 2448 1208 ejus

488 1238 629 1283 nutui
652 1243 702 1282 et
724 1235 965 1281 voluntati
987 1232 1240 1293 permittit.
1289 1284 1291 1286 .

516 1378 598 1433 La
617 1377 800 1449 gratia
826 1385 884 1431 et
917 1392 1055 1446 pace
1084 1375 1155 1429 de
1189 1376 1298 1427 X.0
1354 1373 1427 1426 N.
1467 1371 1528 1426 S.
1569 1368 1652 1423 sia
1688 1385 1912 1438 sempre
1939 1384 2046 1420 con
2082 1366 2196 1420 noi.
2225 1367 2442 1422 Amen.

405 1473 544 1530 Β.ᾶο
573 1474 775 1529 Padre.
816 1474 896 1528 Le
929 1472 1076 1526 della
1122 1469 1419 1524 settimana
1464 1461 1688 1537 passata
1733 1464 1782 1519 si
1826 1481 2008 1518 sonno
2047 1463 2306 1519 riceuute
2332 1480 2442 1517 con

383 1569 587 1641 ⁴quelle
615 1570 686 1623 de
721 1567 911 1625 Sicilia
946 1576 1003 1622 et
1045 1568 1115 1621 de
1151 1566 1392 1620 Modena
1425 1581 1525 1633 per
1558 1560 1596 1614 11
1645 1561 1828 1616 Padre
1863 1559 1978 1614 don
2007 1559 2308 1625 SiluestrO,
2334 1559 2448 1614 all-e

398 1646 563 1736 quale
591 1667 664 1719 ho
690 1666 822 1719 dato
849 1663 889 1716 11
910 1662 1100 1719 debito
1121 1659 1392 1731 recapito.
1419 1659 1462 1712 Il
1484 1658 1669 1713 Padre
1688 1655 2040 1728 prouinciale
2062 1656 2081 1682 ³
2106 1655 2310 1727 gionse
2332 1673 2443 1724 qua

387 1762 457 1816 ‘la
482 1747 679 1832 vigilia
704 1760 853 1815 della
881 1758 1182 1824 Madonna,
1213 1764 1270 1811 et
1296 1744 1465 1810 stette
1492 1772 1601 1808 con
1622 1752 1717 1807 noi
1744 1753 1931 1823 quella
1959 1751 2072 1807 sira
2099 1760 2158 1806 et
2183 1751 2222 1805 il
2242 1751 2450 1823 giorno

403 1857 552 1911 della
578 1857 743 1922 festa,
780 1855 875 1910 nel
911 1854 1076 1924 quale
1105 1854 1225 1908 fece
1250 1860 1462 1921 quanto
1489 1853 1674 1904 hauea
1707 1850 1780 1904 da
1815 1850 1952 1916 fare,
1994 1858 2052 1905 et
2086 1848 2446 1920 il'seguente

404 1953 608 2024 giorno
636 1969 735 2022 per
762 1959 950 2021 tempo
976 1968 1039 2005 se
1065 1957 1280 2019 partete
1314 1965 1483 2003 uerso
1517 1948 1562 2001 F
1565 1946 1773 2002 irenze.
1819 1947 1931 2000 Per
1966 1947 2170 2001 adesso
2204 1962 2319 1999 non
2346 1962 2444 1999 ac-

405 2048 545 2104 cade
569 2046 784 2102 scriuer
810 2046 952 2100 altro
977 2044 1034 2098 di
1063 2062 1191 2113 qua,
1223 2044 1383 2098 saluo
1411 2045 1516 2097 che
1543 2043 1597 2096 13
1622 2043 1817 2096 schola
1845 2059 1919 2095 ua
1946 2042 2116 2107 bene,
2147 2050 2206 2095 et
2230 2041 2285 2097 le
2312 2058 2446 2094 cose

326 2212 331 2217 ῃ
386 2144 500 2199 ‘del
524 2142 741 2214 spirito.

518 2240 673 2296 Sono
698 2237 856 2292 molti
883 2236 1088 2308 giomi,
1120 2239 1186 2290 R.
1222 2238 1313 2303 P.,
1344 2237 1450 2290 che
1476 2235 1531 2289 io
1556 2236 1741 2289 hauea
1765 2234 1827 2287 in
1862 2234 2052 2288 animo
2088 2236 2161 2290 de
2197 2234 2453 2290 scriuere

406 2355 442 2390 a
468 2337 540 2390 V.
559 2337 642 2389 R.
675 2334 768 2389 del
794 2334 961 2387 modo
989 2340 1046 2388 et
1082 2341 1274 2388 tenore
1310 2339 1606 2402 seguente;
1637 2349 1729 2384 ma
1757 2333 1809 2385 le
1845 2331 2118 2393 continue
2146 2330 2445 2387 tentationi

415 2440 473 2487 et
490 2430 529 2484 1i
551 2445 635 2485 ΧΠ
658 2430 791 2485 anni
808 2430 887 2483 m'
903 2431 1094 2483 hanno
1117 2437 1312 2482 tenuto
1330 2429 1540 2499 legato,
1565 2431 1662 2482 no'
1686 2429 1938 2482 l’hanno
1960 2444 2268 2498 permesso.
2289 2428 2456 2482 Hora.

388 2526 520 2584 *alla
548 2534 759 2582 uenuta
783 2526 876 2581 del
904 2527 970 2579 P.
1002 2527 1168 2580 Mtr0.
1202 2526 1447 2595 Laynez,
1478 2525 1643 2594 quale
1671 2541 1893 2595 sempre
1913 2526 1992 2578 ho
2012 2526 2230 2579 hauuto
2250 2522 2310 2577 in
2327 2522 2453 2578 sin-

392 2623 608 2694 ·golare
639 2620 1053 2686 osseruatione‚
1093 2638 1126 2674 e
1158 2629 1343 2675 amato
1376 2638 1535 2675 come
1569 2619 1796 2688 merita,
1839 2638 1950 2675 con
1985 2621 2047 2676 S.
2088 2622 2157 2674 R.
2188 2619 2275 2673 ‘mi
2308 2637 2454 2674 sono

413 2717 650 2773 risoluto
675 2702 749 2771 de·
774 2701 937 2782 farIO,
969 2725 1026 2771 et
1052 2718 1083 2770 e
1112 2724 1332 2785 questo:
1364 2716 1510 2770 Chio
1544 2716 1602 2769 in
1630 2715 1818 2770 anima
1853 2725 1910 2772 et
1944 2734 2117 2786 corpo
2154 2715 2231 2770 mi
2258 2715 2457 2786 voglio

416 2813 678 2869 dedicare
703 2813 757 2867 al
783 2813 898 2869 S.re
931 2811 1042 2866 Dio
1067 2820 1124 2865 et
1151 2813 1257 2865 alla
1284 2812 1637 2883 Compagnia
1662 2813 1755 2866 del
1780 2812 1983 2881 Giessi,
2014 2813 2164 2868 della
2183 2812 2351 2882 quale
2362 2811 2450 2866 sin

414 2912 553 2964 hora
579 2926 749 2980 posso
776 2907 896 2963 dire
921 2896 1036 2961 non
1063 2925 1215 2962 esser
1236 2916 1383 2961 stato
1403 2909 1474 2962 ne
1495 2925 1603 2963 con
1623 2908 1887 2979 pensieri,
1912 2910 1985 2963 ne
2005 2927 2112 2963 con
2136 2908 2352 2978 parole,
2378 2909 2453 2960 ne

508 3128 519 3151 ¹
585 3125 659 3168 Ex
682 3127 985 3180 transumpto
1007 3121 1058 3165 in
1079 3123 1175 3165 vol.
1201 3123 1263 3176 D,
1286 3121 1467 3180 duplici
1489 3122 1623 3180 folio,
1647 3138 1696 3170 n.
1726 3122 1828 3182 139,
1851 3122 1986 3182 prius
2010 3133 2083 3180 50.

502 3201 519 3225 ²
584 3198 638 3241 P.
659 3197 871 3255 Jacobus
894 3194 1234 3239 Lainez.—Ad
1253 3209 1356 3238 rem
1385 3196 1657 3253 POLANCO,
1682 3203 1717 3240 t.
1744 3208 1797 3253 11,
1836 3196 1949 3255 pag.
1975 3195 2082 3254 508,
2105 3211 2154 3241 n.
2190 3207 2293 3253 229:
2320 3195 2455 3239 «Sub

416 3270 608 3316 initium
631 3267 934 3329 Septembris
959 3268 1019 3312 P.
1049 3267 1335 3312 Franciscus
1373 3269 1604 3328 Palmius,
1641 3270 1725 3329 qui
1749 3271 1883 3329 prius
1922 3270 2171 3330 perfectae
2195 3269 2458 3315 Societatis

418 3343 725 3391 obedientiae
747 3358 846 3388 non
867 3357 921 3386 se
944 3341 1225 3399 tradiderat,
1248 3342 1470 3400 quamvis
1495 3344 1625 3388 omni
1648 3344 1811 3389 studio
1834 3360 1913 3389 res
1937 3344 2093 3404 ipsius
2118 3344 2461 3404 promovebat,

415 3417 611 3476 adjutus
632 3416 836 3461 consilio
856 3416 911 3460 P.
937 3413 1253 3459 Provincialis
1276 3416 1488 3473 Laynez,
1514 3431 1626 3461 cum
1648 3418 1867 3462 Bononia
1890 3417 2190 3463 Florentiam
2214 3418 2255 3462 is
2287 3417 2460 3462 transi-

414 3499 510 3550 ret,
533 3505 707 3549 magno
725 3506 836 3535 cum
853 3488 1014 3534 animo
1037 3495 1088 3533 et
1104 3489 1433 3546 resignatione
1450 3506 1503 3535 se
1521 3492 1831 3537 obedientiae
1850 3492 2111 3538 Societatis
2130 3491 2458 3547 consecravit,

417 3574 469 3612 et
491 3566 562 3611 sic
585 3566 639 3609 P.
664 3565 885 3623 Ignatius
907 3563 1014 3621 ejus
1036 3562 1331 3607 oblationem
1354 3564 1567 3623 admisit,
1585 3566 1753 3625 sicque
1776 3567 1882 3624 ejus
1901 3567 2072 3612 virtuti
2094 3566 2314 3625 confidit,
2336 3580 2462 3625 quae

419 3654 612 3699 semper
632 3639 683 3683 in
705 3652 762 3683 eo
783 3651 959 3695 magna
981 3636 1151 3691 eluxit,
1176 3643 1230 3680 ut
1246 3638 1502 3682 Rectorem
1533 3639 1744 3698 Collegii
1772 3641 2093 3686 bononiensis
2124 3656 2236 3686 eum
2268 3640 2460 3697 fecerit;

419 3720 471 3758 et
490 3712 713 3772 quamvis
734 3712 817 3756 ille
839 3715 1059 3769 paratum
1082 3724 1134 3754 se
1165 3711 1413 3769 obtulerit,
1447 3719 1499 3756 ut
1527 3728 1833 3772 quocumque
1863 3716 2014 3759 vellet
2037 3714 2318 3762 obedientia
2348 3729 2459 3759 eum

420 3787 789 3843 transmitteret,
812 3799 908 3829 non
932 3790 1094 3829 tamen
1117 3784 1332 3828 Bononia
1355 3787 1680 3832 removendus
1704 3802 1813 3832 esse
1837 3789 1972 3833 visus
1998 3796 2122 3833 est.»
