2618 4152
1040 315 1115 351 Ao
1145 314 1429 350 LECTOREM
2203 325 2257 370 19

209 435 450 500 scilicet,
482 452 652 505 quam
679 435 751 488 de
786 433 955 487 domo
990 430 1262 488 Societati
1298 431 1580 487 destinata
1613 434 1785 490 Anna
1818 436 2104 491 Gonzalez
2138 440 2256 493 suis

214 544 487 602 fratribus
513 544 844 600 intendebat
872 543 960 615 (23
989 542 1182 613 Nov.).

340 657 602 712 Gandiae
629 664 687 711 et
724 656 1010 709 Valentiae
1036 672 1127 710 res
1147 653 1448 711 Societatis
1469 657 1722 711 secundo
1743 675 1912 712 cursu
1936 660 2261 716 ferebantur

212 770 276 841 (3
322 769 368 822 F
369 766 527 838 ebr.);
572 783 914 837 quamquam
951 763 1222 820 valentini
1267 774 1596 821 revocatum
1642 768 1885 842 Romam
1924 770 1996 823 ab
2041 772 2261 842 Ignatio

218 880 399 936 -fuisse
427 879 840 950 Hieronymum
866 878 1197 932 Dome'nech
1228 879 1598 934 vehementer
1629 880 1897 934 dolebant
1933 883 2022 953 (24
2056 885 2258 956 Aug.).

334 991 580 1062 Burgis,
607 988 706 1043 ubi
731 987 1092 1043 difficultates
1118 987 1327 1043 nostris
1354 997 1511 1044 ortae
1540 990 1785 1058 fuerant,
1823 993 2081 1061 Estrada,
2119 997 2265 1052 bene

222 1105 294 1158 de
321 1101 542 1157 civibus
574 1101 844 1156 merendo
878 1107 937 1154 et
969 1098 1281 1154 amicorum
1316 1100 1597 1171 praesidio
1629 1102 1878 1172 adjutus,
1917 1103 2040 1159 illas
2073 1106 2266 1177 depel-

219 1215 341 1270 -lere
366 1212 653 1268 nitebatur
688 1212 775 1284 (15
815 1209 970 1280 Maji,
1003 1225 1068 1264 21
1094 1209 1251 1283 Julii,
1286 1225 1355 1265 22
1384 1212 1559 1280 Now,
1604 1228 1652 1281 1,
1693 1214 1754 1268 18
1783 1214 2270 1288 Dec.).—Metlzy-

224 1342 397 1379 mnae
428 1324 630 1393 Campi
655 1321 939 1392 pontificis
958 1339 1061 1392 pro
1082 1321 1368 1378 Societate
1393 1322 1699 1394 diplomata
1724 1324 1873 1379 illius
1893 1326 2103 1393 abbati,
2134 1347 2272 1383 nos—

223 1435 332 1491 tris
346 1433 664 1500 obsistenti,
683 1432 1080 1487 indicebantur
1093 1432 1144 1505 (2
1151 1449 1203 1502 3,
1223 1446 1290 1502 25
1307 1434 1480 1506 Nov.)
1491 1466 1582 1488 .—
1595 1437 2010 1491 Vallisoletanis
2029 1438 2276 1508 denique

226 1546 629 1618 percommode
656 1563 747 1600 res
774 1543 1185 1615 contingebant
1212 1544 1297 1617 (11
1330 1546 1533 1618 Aug.);
1565 1548 1638 1601 ad
1665 1548 1817 1617 quod
1851 1557 2006 1604 certe
2038 1550 2280 1604 contulit

227 1659 515 1717 :adventus
542 1659 588 1712 F
590 1656 829 1712 rancisci
865 1655 1112 1728 Borgiae
1146 1657 1197 1728 (8
1234 1656 1442 1727 April.,
1483 1671 1550 1727 25
1582 1658 1836 1729 Octob.),
1875 1659 1934 1714 in
1974 1662 2280 1731 Portugal-

232 1770 388 1836 liam,
430 1770 671 1840 jubente
716 1767 960 1839 IgnatiO,
1010 1768 1314 1836 tendentis;
1365 1751 1707 1841 quamquam
1754 1771 1922 1825 certis
1974 1772 2045 1825 de
2096 1771 2283 1826 causis

225 1889 567 1952 susceptum
613 1879 721 1936 iter
754 1879 1087 1950 impeditum
1125 1888 1229 1934 est.
1277 1882 1493 1936 Verum
1526 1882 1636 1937 hae
1669 1900 1877 1938 causae
1912 1881 2102 1952 aliqua
2135 1882 2282 1936 indi-

241 2001 381 2065 gent
406 1990 803 2062 explicatione.
837 1993 957 2045 Nos
984 2009 1168 2062 pauca
1193 1990 1467 2046 dicemus,
1499 1993 1616 2049 Sed
1645 1994 1786 2048 haec
1812 1993 1885 2047 ad
1911 1992 2283 2047 lusitanorum

230 2104 510 2176 :epistolas
537 2112 816 2174 spectant.

355 2216 412 2285 b)
486 2216 689 2270 Plures
734 2217 845 2269 hoc
891 2233 1041 2269 anno
1086 2233 1156 2270 ex
1210 2217 1583 2289 Portugallia
1627 2224 2026 2284 numerantur,
2077 2228 2289 2286 eaeque

237 2328 417 2398 slonge
468 2335 820 2382 caeterarum
846 2369 859 2394 ,
916 2344 1056 2396 quas
1108 2326 1331 2381 edimus
1356 2370 1369 2396 ,
1425 2326 2291 2399 gravissimae.-Constituerat

234 2438 505 2511 signatius
551 2437 842 2494 Simonem
883 2438 1212 2509 Rodriguez
1246 2456 1280 2491 a
1315 2438 1624 2493 tractandis
1658 2438 1718 2492 in
1752 2438 2046 2493 Lusitania
2082 2439 2294 2509 guber—

240 2550 468 2609 naculis
494 2568 806 2606 removere.
840 2551 961 2604 Cur
986 2549 1045 2603 id
1072 2549 1262 2604 animo
1297 2549 1677 2617 constituerit,
1716 2568 1823 2606 nec
1858 2551 2028 2620 hujus
2055 2549 2163 2604 loci
2189 2567 2295 2603 nec

243 2662 429 2717 nostri
454 2662 707 2716 muneris
734 2671 821 2716 est
847 2661 1149 2733 explicare.
1182 2661 1298 2743 Alii
1326 2663 1809 2718 tradunt.—Cum
1836 2680 1972 2717 vero
1998 2661 2056 2715 id
2082 2661 2141 2714 in
2175 2661 2298 2715 ani—

244 2792 407 2832 emum
442 2774 779 2839 induxisset,
817 2773 950 2844 quia
984 2773 1343 2829 existimabat
1376 2792 1495 2829 rem
1530 2774 1922 2829 difficultatem
1956 2772 2295 2835 habituram,

255 2886 498 2940 maxime
523 2886 674 2957 apud
708 2904 905 2957 regem
942 2896 999 2941 et
1032 2885 1309 2940 lusitanos
1343 2886 1646 2957 principes,
1687 2856 1774 2940 his
1806 2885 2023 2940 litteras
2057 2883 2298 2953 scripsit;

249 3006 317 3053 2et
343 2996 612 3068 Borgiam
639 3015 771 3051 cum
799 2997 1078 3053 Michaele
1105 2999 1333 3063 TorreS,
1365 3015 1534 3066 quem
1570 2996 1947 3067 inspectorem
1981 2993 2304 3066 provinciae

250 3109 510 3176 creabat,
540 3107 601 3161 in
630 3107 1042 3179 Portugalliam
1070 3108 1225 3162 adire
1244 3107 1436 3178 jussit.
1470 3110 1583 3163 Res
1611 3126 1679 3163 eo
1714 3106 2027 3178 spectabat,
2069 3113 2133 3158 ut
2168 3104 2307 3157 faci-

253 3220 369 3274 lius
388 3222 639 3292 Joannes
667 3237 735 3274 111
760 3219 966 3290 Ignatii
986 3219 1288 3274 consilium
1309 3219 1643 3290 susciperet,
1670 3217 1994 3286 sineretque
2021 3215 2306 3272 Simonem

255 3331 460 3404 vegredi
485 3331 545 3385 in
572 3331 867 3386 Brasiliam
905 3330 980 3402 (id
1015 3331 1147 3385 olim
1175 3330 1269 3385 hic
1303 3330 1692 3420 eipetiverat),
1725 3329 1816 3383 vel
1842 3328 1899 3381 in
1935 3325 2303 3397 Aragoniam,

255 3462 471 3498 'novam
496 3443 557 3497 in
584 3443 862 3514 Hispania
888 3443 1237 3514 provinciam
1262 3444 1334 3497 ab
1361 3441 1583 3514 Ignatio
1612 3440 1999 3504 constitutam,
2032 3436 2124 3491 cui
2144 3453 2308 3507 prae-

264 3554 544 3609 ficiendus
589 3555 934 3626 Rodriguez.
976 3557 1195 3611 Verum
1231 3573 1301 3610 ex
1335 3562 1495 3625 parte
1535 3553 1688 3624 regis
1728 3551 1884 3605 nulla
1922 3565 2151 3620 prorsus
2192 3553 2312 3600 erat
2375 3579 2382 3587 -

263 3666 572 3721 difficultas
599 3666 658 3720 in
685 3667 981 3722 educendo
1010 3685 1080 3722 ex
1109 3664 1461 3736 Portugallia
1489 3664 1738 3728 Simone,
1779 3660 1916 3731 quin
1949 3659 2119 3712 immo
2153 3664 2317 3726 opta-

272 3780 377 3834 -bat
402 3787 460 3833 et
485 3778 625 3850 ipse,
659 3778 911 3832 adhibita
938 3780 1180 3832 honesta
1206 3795 1397 3842 causa,
1430 3794 1559 3830 cum
1581 3778 1796 3828 honore
1815 3780 1973 3828 extra
1994 3766 2155 3838 regni
2175 3767 2319 3821 fines
