2618 4152
0 3976 10 4027 v-fw,
3 3957 7 3960 ›
0 3466 16 3937 '‘'”V¹L¹'‘W'<W*7W¹W-
6 3395 11 3417 .‹v
13 3347 15 3349 ,
14 3274 17 3278 A
7 3212 9 3214 -
10 3189 13 3192 ,

1075 251 1149 285 AD
1180 250 1476 294 LECTOREM,
2242 258 2259 290 1
2271 259 2294 303 5

252 371 325 424 ad
371 369 537 424 sedes
573 368 845 425 Societati
883 368 1203 423 offerendas
1235 367 1477 438 permoti
1515 377 1650 421 sunt
1696 369 1784 438 (23
1824 370 1980 441 Julii,
2039 387 2060 426 1
2111 374 2295 444 Aug.,

252 496 317 536 21
351 481 528 550 Sept,
562 480 596 534 6
624 482 791 548 Dee„
821 488 879 534 et
905 478 1071 550 epist.
1103 478 1364 548 ejusdem
1387 477 1598 532 mensis
1625 477 1841 533 incerto
1867 479 1997 551 die).

365 593 801 646 praecesserant
821 591 940 661 jam
967 607 1039 646 ex
1066 590 1208 661 urbe
1235 588 1457 643 litterae
1482 588 1686 643 Didaci
1707 590 1779 645 de
1798 590 2013 662 Eguia,
2034 603 2300 664 nepotem

248 719 419 756 suum
463 702 761 756 Nicolaum
799 702 871 756 ad
915 699 1223 771 collegium
1269 699 1481 755 Stellae
1527 700 1887 755 condendum
1922 705 2290 761 cohortantis.

248 812 574 884 Collegium
603 815 711 867 hoc
738 814 1016 868 habuerat
1043 811 1102 864 in
1135 810 1284 865 votis
1320 809 1540 866 Nicolai
1577 810 1822 882 genitor,
1868 815 1930 867 P.
1972 815 2295 885 Stephanus

248 925 320 979 de
373 926 585 996 Eguia‚
643 926 712 979 28
757 926 887 997 Jan.
940 925 1154 978 Romae
1199 921 1555 977 sanctissime
1602 922 1719 976 vita
1767 923 1999 978 functus
2045 926 2093 996 (Ι
2136 929 2290 999 Jan.,

252 1050 281 1106 5
312 1037 506 1103 Febr.,
540 1053 610 1091 20
638 1036 834 1107 Sept.).

360 1149 614 1203 Estrada
648 1166 804 1213 vem,
844 1155 1016 1218 prout
1053 1147 1238 1201 fuerat
1273 1146 1345 1199 ab
1380 1144 1603 1217 Ignatio
1638 1145 1977 1215 injunctum,
2017 1150 2196 1204 redux
2227 1168 2298 1204 ex

250 1262 392 1314 urbe
418 1259 567 1314 viam
595 1260 886 1314 sternebat
913 1259 985 1312 ad
1005 1257 1311 1328 collegium
1333 1255 1636 1314 Societatis
1659 1257 1869 1328 Burgis
1888 1257 2299 1315 instituendum

251 1374 298 1443 (1
332 1369 540 1441 ApriL,
573 1384 640 1439 25
670 1369 848 1442 Julii>;
886 1368 1025 1424 socii
1060 1367 1211 1423 enim
1245 1367 1359 1433 hie,
1406 1368 1882 1437 quemadmodum
1924 1370 2300 1428 Salmanticae

249 1491 307 1538 et
346 1481 679 1548 Vallisoleti,
729 1480 990 1553 angustis
1025 1479 1192 1535 nimis
1226 1479 1538 1551 parietibus
1573 1479 2040 1549 continebantur,
2077 1500 2206 1543 cum
2242 1492 2299 1539 et

246 1593 512 1649 nobilitas
538 1593 786 1659 urbium,
818 1611 1092 1649 numerus
1118 1609 1186 1647 ac
1212 1591 1415 1663 religio
1442 1591 1653 1647 civium
1681 1600 1739 1648 et
1766 1601 1932 1649 certa.
1949 1611 2080 1664 spes
2105 1595 2298 1650 laetis-

247 1705 446 1771 simam
490 1705 742 1762 metendi
777 1714 1034 1778 segetem
1077 1705 1248 1760 aedes
1281 1704 1463 1758 multo
1497 1703 1799 1775 ampliores
1826 1705 1958 1775 jure
1992 1724 2058 1760 ac
2096 1707 2299 1763 merito

246 1817 599 1888 requirerent
628 1819 945 1890 (Mendoza,
980 1830 1047 1886 25
1069 1816 1246 1890 Julii).

359 1930 554 1982 Araoz
580 1937 792 1994 autem,
823 1927 1020 1984 relicto
1046 1927 1106 1982 in
1140 1925 1449 1982 Cantabria
1484 1926 1717 1999 Borgia‚
1757 1945 1919 1983 suam
1952 1929 2299 2000 provinciam

249 2041 528 2094 lustrabat
555 2040 628 2112 (8,
669 2056 753 2112 19,
786 2052 852 2109 25
883 2039 1103 2109 Nov..);
1134 2047 1192 2094 et
1220 2039 1479 2094 faventes
1506 2037 1644 2093 satis
1671 2038 1945 2095 Societati
1964 2041 2299 2112 populorum

234 2151 467 2206 'animos
493 2151 910 2222 experiebatur3
942 2170 1072 2206 cum
1099 2168 1254 2217 ecce,
1285 2150 1439 2221 quod
1465 2169 1537 2206 ex
1562 2159 1695 2206 ante
1723 2150 1864 2206 actis
1890 2151 2122 2208 notione
2157 2171 2291 2225 qua-

247 2263 378 2317 dam
404 2263 575 2317 animi
602 2263 1112 2333 praesentiebatur,
1143 2261 1496 2332 iniquissima
1524 2263 1771 2333 procella
1795 2262 1855 2316 in
1882 2265 2299 2334 complutenses

247 2373 475 2440 invasit,
507 2373 798 2429 saeviente
825 2373 884 2426 in
912 2372 1256 2430 Societatem
1275 2374 1503 2445 Joanne
1531 2375 1808 2429 Martinez
1837 2373 2065 2440 Siliceo,
2092 2375 2299 2431 toleta-

247 2503 450 2539 norum
495 2484 767 2551 antistite,
818 2486 926 2539 sub
972 2485 1138 2555 cujus
1176 2492 1460 2556 potestate
1502 2484 1703 2539 civitas
1737 2486 2143 2556 complutensis
2177 2496 2299 2543 erat

248 2598 339 2669 (30
367 2598 692 2665 Octob.—4
718 2597 912 2668 Now).
946 2596 1153 2653 Variae
1180 2595 1409 2652 alienati
1444 2615 1478 2651 a
1513 2596 1799 2653 Societate
1820 2597 2064 2652 hominis
2090 2616 2297 2654 causae

248 2706 821 2763 circumferebantur:
854 2726 1047 2763 veram
1086 2709 1419 2762 Villanueva
1452 2708 1670 2778 profert
1698 2708 1715 2778 (
1724 2720 1784 2776 15
1828 2707 2020 2778 Now).
2062 2710 2295 2763 Nullum

248 2836 364 2872 non
390 2827 691 2874 moverunt
724 2818 968 2890 lapidem
1003 2819 1225 2875 sodales
1251 2828 1317 2873 ut
1353 2818 1671 2875 emollirent
1706 2818 1980 2888 praesulis
2016 2819 2297 2890 amplissi-

246 2929 324 2983 mi
357 2929 607 2984 animum
643 2939 700 2986 et
735 2931 807 2984 ad
851 2930 1074 2985 mitiora
1120 2930 1356 2985 consilia
1404 2931 1799 2986 traducerent:
1842 2930 2049 2985 frustra
2083 2931 2289 2986 omnia:

247 3041 531 3098 sententia
555 3043 888 3097 obfirmatus
914 3060 1038 3108 sua,
1068 3041 1351 3110 omnibUS,
1381 3042 1539 3098 velut
1579 3058 1748 3111 rupes
1782 3040 2031 3107 immota,
2063 3041 2288 3096 restitit.

249 3158 566 3221 Postremo,
597 3173 688 3209 res
723 3163 850 3208 acta
869 3155 1001 3224 jure
1035 3162 1143 3220 est,
1182 3162 1239 3210 et
1278 3162 1590 3223 utcumque
1627 3151 1962 3223 composita.
2005 3153 2120 3208 Sed
2152 3155 2294 3208 haec

248 3268 320 3320 ad
347 3276 679 3337 sequentem
707 3285 920 3338 annum
948 3275 1209 3338 spectant
1239 3266 1350 3338 (15,
1384 3280 1454 3319 20
1482 3266 1655 3330 Nov.,
1691 3279 1721 3317 2
1749 3264 1933 3333 Dee.).

356 3381 446 3434 De
471 3378 725 3450 epistolis
754 3398 825 3434 ex
851 3378 1130 3450 Hispania
1157 3377 1320 3432 satis:
1353 3378 1424 3432 ad
1451 3375 1823 3431 lusitanorum
1854 3374 2168 3429 veniamus,

356 3491 412 3560 b)
487 3492 572 3544 Ex
601 3491 972 3562 Portugallia
1001 3509 1036 3562 9
1062 3492 1173 3544 hoc
1200 3506 1349 3543 anno
1377 3489 1625 3544 eduntur
1653 3486 1943 3557 epistolae.
1969 3484 2213 3563 Insignis
2234 3483 2292 3535 in
2345 3466 2348 3469 ⁵

247 3603 442 3675 primis
469 3612 556 3658 est
582 3603 676 3658 illa
704 3601 943 3658 Antonii
970 3602 1230 3657 Brandao
1260 3602 1433 3673 (hunc
1460 3601 1696 3653 Romam
1724 3615 1918 3652 secum
1946 3595 2139 3652 Simon
2176 3596 2292 3648 Ro—

247 3718 484 3788 driguez
512 3715 840 3785 adduxerat)
871 3713 1039 3768 missa
1074 3732 1145 3768 ex
1182 3713 1322 3766 urbe
1358 3712 1448 3783 (20
1483 3709 1693 3779 Febr.).
1728 3710 1853 3762 Hac
1880 3706 2045 3762 sociis
2074 3703 2291 3759 conim-
