2658 4296
368 322 457 368 920

427 412 502 486 483
521 430 735 474 coeleste
758 427 888 474 illius
909 434 1020 488 post
1049 427 1235 486 obitum
1256 440 1337 484 pa-

428 502 685 548 trocinium
717 502 904 547 romani
940 501 1061 547 socii
1083 500 1336 560 experiun-

429 582 524 634 tur,
547 576 688 628 ibid„
713 574 814 634 163,
832 586 938 634 270,
956 574 1067 632 327.

370 649 569 708 Coduri,
592 650 653 694 Ρ.
690 650 987 709 Gulielmus,
1019 650 1075 695 S.
1121 651 1199 708 J.,
1227 660 1330 704 104.

369 722 569 781 Coduri,
594 723 652 766 P.
695 724 929 782 Joannes,
963 725 1019 769 S.
1049 725 1127 782 J.,
1158 736 1281 767 unus
1311 736 1338 764 e

425 796 594 856 primis
617 795 714 842 Sti.
751 798 931 856 Ignatii
969 797 1133 853 sociis,
1166 809 1270 854 4993
1290 796 1340 840 in

428 870 611 928 templo
633 871 694 915 B.
728 872 792 916 V.
825 871 887 916 de
918 871 1080 916 Strata
1102 872 1339 930 sepultus,

430 945 556 989 ibid.

372 1017 648 1077 Cogordan,
678 1020 737 1063 P.
777 1020 999 1079 Pontius,
1029 1021 1085 1065 S.
1131 1023 1206 1079 J.,
1236 1021 1341 1081 428,

432 1090 544 1137 603.

375 1164 602 1210 Coimbra
633 1166 997 1226 (Conimbrica),
1021 1169 1346 1226 Portugalliae

434 1240 550 1284 urbs
588 1247 638 1285 et
669 1241 722 1285 S.
765 1243 815 1299 J.
853 1242 1130 1300 collegium,
1169 1243 1238 1299 16,
1270 1252 1344 1299 70,

435 1312 540 1370 3423
579 1329 693 1372 prae
732 1314 997 1360 incolarum
1041 1316 1349 1360 multitudine

435 1387 557 1431 socii
592 1387 771 1432 arctius
812 1389 1051 1447 habitant,
1100 1401 1206 1448 405,
1242 1401 1346 1446 4293

436 1463 656 1506 nonnulli
676 1470 947 1521 aegrotant,
970 1463 1075 1523 435,
1108 1464 1213 1522 486,
1241 1475 1346 1521 491,

437 1534 542 1593 503,
561 1546 770 1592 509-511;
796 1551 823 1581 a
843 1538 1154 1582 fallacissimo
1175 1540 1349 1596 polono

436 1607 760 1667 decipiuntur,
783 1620 885 1666 522,
903 1621 1007 1668 524,
1031 1621 1133 1668 5593
1159 1611 1350 1657 Conim-

437 1682 620 1726 bricam
676 1683 727 1727 18
788 1684 1000 1742 Augusti
1064 1695 1171 1741 1551
1215 1685 1350 1729 venit

437 1755 498 1800 P.
528 1755 701 1811 Miron,
723 1756 828 1812 6183
848 1758 968 1802 socii
996 1759 1179 1816 aliquot
1200 1758 1259 1802 ad
1281 1759 1350 1803 in-

438 1830 708 1874 choandum
719 1832 957 1876 eborense
974 1833 1233 1890 collegium
1245 1833 1351 1877 mit-

439 1909 625 1962 tuntur,
651 1905 755 1962 619,
778 1906 884 1962 674,
915 1907 1021 1964 675,
1051 1906 1155 1963 6963
1181 1908 1239 1951 P.
1265 1907 1350 1951 Mi-

440 1978 576 2022 chael
594 1978 655 2022 de
672 1979 849 2024 Torres
866 1979 1223 2024 Conimbricam
1241 1996 1351 2025 evo—

441 2057 594 2108 catur,
616 2051 721 2109 734,
744 2061 851 2109 790,
875 2062 979 2109 7913
1006 2054 1125 2098 socii
1146 2068 1352 2098 commo-

424 2129 633 2180 ventur,
656 2122 759 2180 7933
782 2138 878 2183 quo
899 2125 979 2169 die
1000 2125 1047 2180 (3
1069 2126 1201 2183 Maji)
1222 2141 1352 2170 crea—

441 2202 519 2240 tus
538 2202 614 2240 est
643 2196 953 2254 provincialis
975 2199 1034 2243 P.
1059 2199 1231 2258 Miron,
1255 2208 1351 2245 tur-

440 2270 506 2314 ris
523 2271 718 2328 collegii
739 2270 941 2317 fulmine
964 2273 1024 2317 de
1048 2276 1183 2318 coelo
1206 2281 1350 2333 tacta,

440 2352 546 2400 794,
570 2344 674 2400 796,
692 2354 798 2402 797,
818 2345 923 2401 863,
943 2346 1053 2404 864·

384 2416 688 2462 Collateralis
714 2419 924 2464 officium
960 2435 1128 2479 parum
1155 2422 1351 2480 frugife-

443 2505 567 2548 rum,
587 2490 690 2535 823.

384 2562 541 2620 Colle,
564 2565 785 2622 Julianus
814 2565 891 2622 da,
914 2568 1104 2612 haeresi
1126 2569 1352 2627 infectus,

445 2635 549 2694 381,
575 2636 679 2682 383.
1309 2644 1311 2646 ’

385 2709 525 2755 Collo
556 2712 774 2769 Longho,
807 2714 1035 2772 oppidum
1060 2716 1245 2773 Italiae,
1271 2729 1346 2775 59.

385 2784 587 2830 Colonia
634 2788 835 2845 (Koln),
881 2790 996 2833 urbs
1048 2791 1353 2846 Germaniae,

449 2870 521 2918 12,
540 2871 615 2917 22,
645 2860 745 2917 131,
773 2861 872 2919 1843
897 2864 1135 2908 sociorum
1158 2880 1358 2926 occupa-

444 2934 620 2992 tiones,
643 2934 748 2992 399,
773 2946 876 2993 591,
900 2937 1003 2993 8003
1023 2939 1084 2982 ad
1099 2942 1358 2997 collegium

442 3009 775 3065 germanicum
805 3009 855 3053 in
877 3012 997 3055 urbe
1022 3011 1358 3059 adolescentes

446 3081 674 3140 migrant,
698 3082 800 3139 817.

389 3154 566 3200 Comes
598 3155 658 3199 de
690 3157 1027 3205 Castanheira.
1074 3162 1197 3207 Vide
1229 3164 1361 3208 Atai-

448 3228 528 3285 de,
555 3230 813 3275 Antonius.

391 3300 568 3345 Comes
619 3303 679 3348 de
722 3304 996 3351 CifuenteS.
1043 3309 1167 3353 Vide
1211 3310 1361 3367 Silva,

451 3375 785 3422 Ferdinandus
797 3412 808 3423 .

392 3447 570 3493 Comes
607 3449 668 3494 de
700 3451 1049 3498 Concentaina.
1090 3422 1214 3500 Vide
1243 3458 1364 3503 Ruiz

454 3521 514 3565 de
538 3521 752 3568 Corella.

395 3593 571 3639 Comes
600 3595 662 3640 de
695 3597 904 3644 Corufla.
938 3600 1063 3645 Vide
1094 3601 1275 3648 Sudrez
1305 3606 1364 3650 de

453 3667 703 3713 Mendoza.

394 3739 572 3785 Comes
595 3743 655 3787 de
674 3745 830 3789 Feria.
855 3747 979 3791 Vide
1003 3749 1284 3796 Ferneindez
1307 3755 1367 3798 de

456 3813 697 3861 C0rd0ba.

1273 308 1489 352 INDICES

1427 422 1606 468 Comes
1644 423 1706 467 de
1739 421 2050 468 Fuensalida.
2091 422 2217 468 Vide
2247 423 2420 490 Lopez

1485 497 1547 541 de
1572 498 1744 556 Ayala.

1429 572 1607 618 Comes
1629 573 1691 618 de
1720 574 1916 617 Lemos.
1958 572 2084 617 Vide
2123 573 2441 624 Lencastreff·

1488 647 1774 706 Dionysius.

1430 720 1608 765 Comes
1629 721 1690 765 de
1713 721 1882 765 Lerin.
1913 720 2040 765 Vide
2058 721 2420 769 Beaumonte-

1488 795 1613 838 Item
1633 795 1838 839 Toledo.

1432 867 1609 912 Comes
1631 867 1692 911 de
1715 868 1911 912 Lerma.
1942 868 2068 912 Vide
2101 869 2344 914 Sandoval
2362 876 2422 914 et·

1490 940 1653 998 Rojas.

1434 1016 1611 1061 Comes
1643 1016 1704 1060 de
1742 1017 1945 1074 Melgar.
1986 1017 2113 1062 Vide
2150 1019 2423 1078 Enn'quez,

1493 1090 1846 1135 Ferdinandus.

1437 1165 1611 1211 Comes
1641 1164 1702 1209 de
1733 1164 1919 1210 Melito.
1955 1165 2081 1210 Vide
2111 1167 2335 1212 Hurtado
2356 1167 2426 1212 de-

1495 1238 1750 1294 Mendoza,
1770 1237 2010 1283 Didacus.
2056 1230 2060 1234 ’

1433 1313 1614 1369 ‘Comes
1637 1313 1698 1357 de
1728 1312 1965 1357 Miranda.
1998 1313 2123 1358 Vide
2154 1315 2348 1373 Zufiiga
2370 1323 2427 1360 et·

1499 1389 1819 1433 Avellaneda.

1440 1462 1616 1507 Comes
1647 1462 1707 1505 de
1746 1462 2094 1520 Monteagudo.
2127 1463 2254 1508 Vide
2292 1465 2419 1509 Hur-

1498 1535 1610 1579 tado
1648 1536 1708 1579 de
1748 1536 2005 1592 Mendoza,
2038 1537 2426 1583 Franciscus.--

1497 1611 1640 1667 Item,
1665 1611 1898 1668 Joannes.

1441 1685 1618 1729 Comes
1640 1684 1701 1728 de
1720 1685 2019 1744 Monterrey.
2041 1685 2167 1730 Vide
2187 1685 2429 1731 Acevedo

1500 1766 1551 1804 et
1571 1759 1780 1817 Zuniga.

1441 1832 1617 1879 Comes
1641 1833 1701 1877 de
1725 1834 1928 1878 Morata.
1955 1833 2080 1878 Vide
2099 1835 2339 1879 Martinez
2359 1835 2425 1880 de

1501 1909 1653 1953 Luna.

1441 1982 1619 2027 Comes
1661 1982 1722 2027 de
1766 1981 1950 2030 Ofiate.
1998 1984 2123 2029 Vide
2163 1986 2318 2030 Velez
2357 1986 2430 2046 ¹de-

1501 2057 1746 2102 Guevara.
2258 2094 2261 2097 ,

1441 2131 1619 2175 Comes
1666 2131 1726 2175 de
1775 2130 1954 2189 Orgaz.
2001 2132 2127 2177 Vide
2164 2134 2319 2178 Perez
2361 2133 2428 2194 de-

1502 2207 1745 2252 Guzmzin.

1443 2281 1619 2325 Comes
1630 2280 1707 2325 del
1719 2280 2013 2325 Risco.Vide
2023 2281 2215 2340 Dzivila,
2228 2283 2428 2328 Petrus*

1443 2354 1621 2399 Comes
1643 2355 1703 2399 de
1729 2355 1955 2401 Saldafia.
1975 2356 2102 2400 Vide
2118 2357 2341 2403 Hurtado
2363 2357 2431 2402 de

1501 2429 1756 2487 Mendoza,
1781 2430 2016 2494 Didacus.

1444 2502 1621 2548 Comes
1651 2504 1712 2548 de
1750 2505 2019 2563 Torrejon-
2042 2504 2169 2549 Vide
2200 2505 2429 2564 Carvajal

1502 2584 1552 2622 et
1574 2578 1845 2638 Manrique.

1445 2649 1621 2693 Comes
1638 2649 1699 2692 de
1717 2651 1899 2695 Urefia.
1921 2649 2048 2694 Vide
2066 2650 2235 2694 Tellez
2253 2649 2433 2709 Giton,

1504 2724 1735 2780 Joannes.
2288 2721 2291 2724 ’

1447 2794 1790 2841 Comestabilis
1838 2796 2107 2842 Castellae.
2153 2797 2278 2842 Vide
2316 2798 2435 2842 Fer-

1504 2870 1692 2914 neindez
1710 2870 1771 2915 de
1794 2872 2020 2920 Velaseo.

1447 2942 1789 2990 Comestabilis
1819 2947 2088 2995 Navarrae.
2119 2947 2244 2992 Vide
2274 2948 2436 2991 Beau-

1508 3024 1662 3068 mont.
1877 3019 1880 3022 ’
2379 3048 2381 3050 -

1449 3090 2151 3152 ComestabilisPortugalliae.
2163 3095 2290 3140 Vide
2311 3095 2434 3141 Gui-

1509 3170 1714 3225 marffies,
1737 3168 1992 3213 Eduardus
2015 3170 2222 3224 (Duarte
2245 3168 2348 3225 de).

1452 3238 1713 3284 Comitissa
1734 3241 1795 3285 de
1819 3240 2159 3286 Castanheira.
2192 3242 2318 3287 Vide
2340 3243 2439 3287 Ta-

1443 3372 1445 3375 *
1511 3327 1643 3366 vora,
1666 3315 1829 3359 Anna.

1454 3387 1713 3432 Comitissa
1750 3389 1811 3433 de
1870 3390 2207 3435 Concentaina
2230 3423 2244 3436 .

1514 3463 1750 3507 Mendoza
1772 3464 1833 3508 de
1856 3466 1901 3508 la
1923 3464 2104 3510 Cerda.

1457 3537 1718 3582 Comitissa
1739 3538 1799 3582 de
1835 3540 2035 3585 Lemos.
2082 3539 2208 3585 Vide
2247 3540 2443 3596 Castro,

1514 3612 1734 3657 Beatrix.

1458 3685 1718 3730 Comitissa
1740 3687 1801 3731 de
1825 3688 2021 3733 Lerma.
2069 3689 2195 3733 Vide
2226 3688 2441 3745 Zuniga,

1516 3758 1777 3805 Catharina
1809 3761 1892 3806 de.
1934 3763 2059 3807 Item
2087 3763 2250 3821 Borja,
2288 3761 2441 3807 Elisa-

1516 3833 1635 3877 beth
1657 3833 1739 3878 de.

2309 3390 2441 3435 Vide
