2618 4152
1002 286 1073 349 ¹16
1106 288 1357 345 JANUARH
1395 298 1509 346 1549
2232 309 2297 352 59

235 412 276 465 il
310 430 560 468 vescouo
595 411 652 466 di
682 413 922 484 Foligno
954 415 991 480 ¹,
1022 432 1124 485 per
1149 414 1189 467 l’
1225 414 1548 470 obedientia
1582 417 1729 473 della
1763 419 1834 473 V.
1870 421 1962 485 R„
1994 419 2053 473 in
2092 432 2294 491 questa

166 499 175 507 “
240 526 357 562 non
381 507 563 579 potrei
589 508 700 562 mai
727 509 1052 579 exprimer',
1077 511 1369 581 pensando
1397 510 1641 568 maxime
1668 515 1774 568 che
1802 516 1895 570 nel
1922 515 2019 586 piu
2046 517 2195 572 bello
2236 527 2296 571 et

244 605 527 658 fruttuoso
555 613 742 675 tempo
770 607 902 660 nell'
932 605 1143 660 habbia
1169 605 1380 672 ritolto,
1411 617 1468 660 et
1496 609 1726 676 quando
1754 610 1808 664 13
1836 613 2026 680 parola
2053 612 2109 666 di
2136 613 2301 668 lddio

241 698 339 769 piu
365 698 414 753 si
440 698 708 770 piantaua
733 700 867 756 nelli
894 701 1052 756 euori
1086 702 1220 757 dell'
1257 700 1514 755 huomini
1547 702 1604 755 di
1643 711 1792 759 tutta
1826 715 2026 774 questa
2059 708 2291 774 diocesi,

241 794 353 850 deli
400 795 561 850 frutti
605 796 699 851 del
732 797 898 866 quale
938 798 1145 863 Padre,
1187 797 1236 851 si
1269 798 1419 854 nelle
1452 798 1820 866 confessioni,
1859 801 1906 854 si
1941 802 2108 857 etiam
2146 805 2299 860 nelle

240 891 648 958 communioni,
692 886 864 948 credo
890 891 1066 946 niuna
1093 895 1342 948 humana
1374 892 1594 964 lingua,
1634 904 1848 964 quanto
1883 896 1930 950 si
1956 898 2148 968 voglia
2175 900 2299 955 elo-

239 996 470 1057 quente,
501 987 649 1043 seria
673 987 991 1044 sufficiente
1017 988 1090 1042 ad
1116 989 1318 1059 parlar'
1350 989 1673 1044 abastanza.

349 1082 424 1137 Di
462 1084 596 1152 quel
629 1085 737 1140 che
770 1082 997 1138 habbia'
1017 1085 1179 1150 fatto,
1219 1085 1341 1138 solo
1375 1084 1433 1138 di
1458 1103 1573 1140 vna
1605 1103 1740 1141 cosa
1773 1087 1966 1159 voglia
1999 1089 2060 1142 in
2095 1101 2297 1160 questa

238 1178 401 1233 darui
446 1179 665 1246 aduiSO,
703 1181 914 1251 perche
948 1180 1025 1235 mi
1060 1182 1092 1236 e
1127 1199 1293 1252 parsa
1334 1182 1511 1237 molto
1544 1181 1644 1253 piu
1686 1183 1939 1240 notabile
1978 1185 2035 1239 di
2071 1194 2216 1242 tutte
2251 1189 2291 1240 l'

240 1276 401 1331 altre.
433 1275 598 1331 Nella
632 1285 828 1332 nostra
852 1286 1185 1349 montagna,
1224 1277 1294 1331 in.
1318 1297 1434 1332 vna
1457 1278 1593 1333 villa
1625 1278 1907 1335 chiamata
1943 1282 2105 1336 Collo
2138 1283 2294 1337 Lon-

241 1374 378 1443 gh0,
408 1373 441 1427 6
466 1390 580 1426 vna
604 1373 815 1440 donna,
847 1374 902 1428 la
928 1374 1096 1445 quale
1123 1373 1171 1428 si
1198 1373 1475 1429 dubitaua
1500 1393 1658 1432 esser
1681 1385 1888 1432 vexata
1914 1378 1987 1431 da
2021 1378 2152 1432 mali
2178 1378 2298 1448 spi-

242 1466 366 1533 riti,
386 1476 443 1524 et
470 1468 746 1525 faceuane
778 1469 939 1523 molti
965 1469 1220 1524 euidenti
1254 1470 1440 1542 segni,
1483 1479 1542 1527 et
1575 1489 1702 1527 esso
1737 1474 1816 1527 M.
1858 1473 2153 1543 Syluestro
2190 1492 2302 1528 con

239 1564 310 1632 la>
319 1563 504 1634 gratia
529 1565 623 1621 del
650 1564 861 1636 Signor
888 1575 1084 1621 nostro
1112 1567 1152 1619 l’
1182 1569 1257 1621 ha
1283 1566 1492 1621 ridotta
1520 1568 1629 1622 alla
1662 1568 2022 1625 confessione
2056 1578 2113 1625 et
2139 1588 2303 1623 com--

240 1659 510 1716 munione
536 1678 645 1715 con
671 1661 1049 1732 grandissima
1075 1661 1417 1718 discretione
1444 1671 1502 1717 et
1528 1662 1820 1720 intellecto
1847 1664 1904 1718 di
1931 1682 2057 1721 essa
2083 1666 2294 1733 donna,

239 1764 297 1810 et
325 1755 383 1809 di
410 1757 614 1828 giorno
639 1756 697 1810 in
726 1756 930 1828 giorno
954 1777 1028 1813 va
1053 1758 1112 1812 di
1133 1759 1280 1814 bene
1300 1758 1359 1812 in
1380 1758 1611 1830 meglio,
1639 1761 1806 1816 Oltra
1826 1760 1884 1815 di
1910 1771 2134 1831 quest0,
2160 1782 2296 1818 eran

238 1870 347 1906 con
375 1861 534 1908 tanto
574 1854 765 1909 feruor
798 1854 855 1908 di
882 1854 1080 1925 spirito
1118 1856 1173 1912 le
1209 1874 1313 1912 sue
1346 1855 1637 1927 prediche,
1674 1859 1782 1912 che
1822 1876 1962 1912 sono
1996 1858 2128 1912 stati
2163 1860 2295 1913 delli

238 1948 551 2020 coniugati,
590 1968 702 2004 non
740 1960 1076 2006 consumato
1111 1951 1490 2019 matrimonio,
1521 1952 1561 2005 li
1596 1953 1749 2022 quali
1783 1963 1984 2008 mutuo
2011 1972 2298 2009 consensu

239 2045 431 2099 hanno
457 2055 726 2117 proposto
752 2048 911 2103 voler
937 2047 1090 2103 darsi
1119 2048 1214 2102 alli
1240 2048 1475 2120 kseruitii
1500 2049 1594 2105 del
1627 2058 1823 2104 nostro
1850 2049 2081 2121 Signor,
2125 2051 2296 2106 etiam

241 2142 391 2197 nella
417 2141 732 2214 relligione.

354 2237 428 2292 Di
469 2248 671 2310 questo
698 2258 814 2295 non
841 2240 965 2294 diro
992 2242 1156 2308 altr0,
1187 2243 1397 2312 perche
1426 2261 1543 2297 non
1568 2243 1652 2310 so,
1684 2251 1742 2298 et
1776 2261 1890 2297 non
1924 2243 2106 2314 potrei
2133 2243 2296 2299 dirne

242 2351 276 2387 3
295 2334 651 2391 sufficientia.

353 2433 645 2503 Appresso
671 2435 703 2488 6
730 2435 906 2489 molto
934 2444 1124 2506 tempo
1152 2437 1261 2492 che
1287 2435 1343 2490 io
1368 2438 1445 2490 ho
1472 2437 1649 2490 hauto
1677 2435 1866 2490 animo
1892 2435 1949 2489 di
1984 2435 2163 2490 darmi
2201 2436 2298 2490 alli

238 2527 456 2582 seruitii
481 2530 574 2585 del
599 2529 798 2601 signor
828 2533 969 2604 Jesu
997 2531 1257 2600 Christo,
1288 2541 1485 2586 nostro
1522 2532 1816 2599 saluator',
1848 2540 1906 2588 et
1931 2531 2007 2585 mi
2034 2535 2153 2602 par’
2187 2534 2294 2588 che

236 2626 409 2681 molte
434 2627 588 2683 volte
615 2627 691 2680 mi
719 2628 927 2683 habbia
952 2629 1087 2683 dato
1114 2630 1244 2685 luce
1270 2631 1379 2685 che
1405 2628 1483 2682 mi
1510 2632 1637 2683 sara
1661 2646 1796 2683 cosa
1822 2638 2141 2699 opportuna
2167 2632 2213 2682 s’
2238 2629 2295 2682 io

238 2721 314 2774 mi
360 2723 434 2776 do
467 2723 576 2778 alla
621 2723 939 2795 relligione,
981 2726 1159 2780 molto
1192 2734 1357 2797 grata
1398 2742 1673 2796 appresso
1714 2724 1891 2779 Iddio.
1935 2727 2139 2781 Donde
2178 2743 2293 2778 non

240 2819 507 2874 hauendo
532 2818 587 2874 io
613 2821 686 2874 da
713 2820 811 2891 qui
835 2820 1067 2875 innanzi
1091 2830 1298 2892 saputo
1326 2821 1641 2893 eleggermi
1667 2822 1800 2891 qual
1826 2820 2100 2892 religione
2138 2822 2302 2874 fusse·

241 2933 342 2985 per
368 2932 523 2970 esser
550 2916 624 2970 ad
649 2917 912 2988 maggior
940 2918 1122 2989 gloria
1149 2918 1207 2972 di
1242 2917 1401 2972 Iddio
1430 2926 1488 2974 et
1515 2918 1700 2973 salute
1726 2918 1859 2973 dell'
1887 2917 2074 2971 anima
2098 2917 2211 2970 mia
2237 2926 2297 2970 et

243 3011 335 3066 del
361 3011 637 3082 proximo,
668 3014 722 3068 31
747 3022 1014 3084 presente
1039 3016 1308 3071 hauendo
1334 3014 1521 3071 intesa
1540 3016 1595 3069 13
1614 3016 1764 3068 bona
1784 3014 1934 3068 fama
1953 3014 2100 3069 della
2120 3014 2298 3068 Com-—

243 3107 453 3178 pagnia
478 3109 571 3164 del
589 3111 750 3182 Jesu,
782 3111 931 3171 della
958 3112 1127 3181 quale
1160 3111 1395 3166 intendo
1426 3112 1498 3166 V.
1532 3113 1601 3166 R.
1645 3129 1875 3166 esserne
1901 3109 2205 3180 preposito,
2237 3118 2294 3164 et

242 3205 580 3260 hauendone
607 3205 751 3260 fatto
785 3206 1139 3278 experientia
1166 3208 1316 3264 nella
1351 3216 1516 3262 santa
1549 3215 1607 3261 et
1633 3207 1808 3260 molto
1843 3206 2148 3275 exemplar'
2177 3204 2294 3257 vita

240 3299 297 3352 di
324 3318 453 3356 esso
480 3302 560 3357 M.
592 3302 912 3373 SyluestrO,
943 3304 1036 3360 del
1064 3304 1232 3374 quale
1265 3322 1407 3359 sono
1443 3312 1594 3358 stato
1623 3303 1770 3357 dalla
1803 3320 1907 3356 sua
1932 3310 2144 3356 venuta
2169 3300 2299 3353 sino

238 3392 358 3464 iqui
377 3395 636 3467 figliuolo
656 3397 969 3469 spirituale,
995 3400 1049 3454 31
1069 3408 1334 3470 presente
1358 3399 1593 3454 haueria
1613 3397 1892 3454 desiderio
1906 3396 1962 3450 di
1982 3394 2293 3466 eleggermi

235 3573 429 3635 quando
450 3588 607 3633 usque
630 3575 692 3620 ad
713 3575 834 3621 duas
856 3578 1000 3622 horas
1017 3576 1196 3636 noctis,
1215 3591 1327 3622 cum
1349 3584 1464 3621 ante
1482 3578 1642 3622 lucem
1657 3590 1799 3620 mane
1817 3590 1900 3619 eas
1918 3574 2083 3619 audire
2106 3571 2296 3628 coepis-

237 3654 335 3704 set,
359 3651 799 3706 perseverabat...»
822 3651 1098 3707 POLANCO,
1129 3658 1165 3696 t.
1190 3663 1225 3707 1,
1248 3665 1361 3710 pag.
1393 3650 1499 3710 393,
1534 3667 1582 3696 n.
1615 3650 1718 3709 397.
1744 3649 1870 3694 Vide
1899 3650 2119 3694 Litterae
2152 3646 2298 3700 Qua*

235 3722 548 3776 drimestreS,
572 3730 609 3768 t.
633 3735 667 3779 1,
690 3739 802 3783 pag.
826 3735 1036 3781 122-125.

335 3799 349 3824 ¹
412 3797 530 3841 Erat
550 3797 768 3843 Isidorus
790 3798 957 3844 Chiari
979 3799 1263 3858 (Clarius),
1289 3799 1351 3847 O.
1378 3800 1429 3845 S.
1454 3800 1532 3855 B„
1557 3814 1583 3843 a
1610 3808 1722 3855 1547
1746 3798 1804 3841 ad
1832 3806 1960 3852 1555.
1987 3795 2153 3839 GAMS.
