2658 4296
1034 305 1207 352 INDEx
1238 317 1419 353 RERUM

204 422 439 479 Vercelli,
475 423 527 468 in
564 427 706 467 textu
734 421 932 473 Verceil
962 423 987 482 (
997 423 1181 470 Vercel-

262 497 385 554 lae),
406 497 525 542 urbs
546 495 737 548 Italiae,
755 493 972 555 343-345.

206 570 471 629 Verdolay,
494 570 623 628 Mag.
649 570 885 627 Joannes,
909 567 993 627 731
1008 605 1019 616 .

209 645 443 706 Vei-gara,
456 644 840 702 Dr.A.lphenstss
853 643 1084 693 Ramirez
1099 643 1179 689 de.

264 715 392 762 Vide
412 717 640 762 Ramirez
660 716 723 761 de
746 717 982 775 Vergara.

206 791 441 850 Vergara,
471 792 588 836 urbs
619 790 954 850 Guipuzcoae,
984 791 1185 837 domici-

263 865 384 910 lium
400 863 635 910 Societati
650 864 811 923 offert,
829 863 933 921 553,
953 874 1057 921 555,
1077 866 1183 924 564,

265 939 351 997 567
373 973 385 997 ,
433 939 522 983 602
542 952 554 995 ;
604 939 810 998 cupiunt
858 953 1184 996 vergarenses

261 1013 491 1071 Borgiam
513 1013 564 1058 in
593 1027 762 1058 eorum
797 1015 918 1058 urbe
947 1014 1185 1060 consiste·

261 1101 334 1146 re,
354 1087 463 1144 642,
484 1086 591 1144 6433
615 1087 792 1134 civitas
811 1088 1051 1147 exemplis
1067 1090 1186 1136 Bor-

260 1160 374 1219 giae
410 1167 673 1220 commota,
709 1161 816 1219 644,
854 1161 961 1218 6463
995 1161 1075 1206 hic
1111 1177 1186 1207 sa·

261 1249 397 1281 crum
418 1234 556 1293 facit,
577 1235 708 1295 quod
729 1236 813 1295 qui
833 1237 927 1299 rite
958 1237 1182 1296 audiunt,

262 1308 598 1369 plenissimam
651 1324 888 1354 noxarum
937 1310 1185 1356 remissio·

261 1398 374 1429 nem
392 1384 758 1439 nanciscuntur,
774 1384 880 1441 6523
900 1399 998 1429 non
1015 1386 1188 1443 proba-

263 1464 342 1504 tur
379 1459 587 1504 Araozio
614 1458 759 1504 sedes
781 1458 1044 1504 Societatis
1067 1460 1188 1504 Ver-

263 1545 431 1591 garae,
451 1533 556 1590 657,
580 1533 686 1590 7283
713 1548 773 1578 eo
801 1533 993 1579 accedit
1020 1535 1184 1580 Estra-

266 1605 346 1664 da,
369 1605 475 1663 753.
497 1654 499 1656 ,

207 1680 444 1739 Versana,
465 1681 524 1726 P.
556 1681 738 1727 Caesar
753 1681 815 1726 de
832 1683 898 1740 la,
915 1681 967 1726 S.
993 1682 1040 1740 J.
1057 1681 1184 1727 Vide

268 1755 576 1800 Aversanus.

203 1828 482 1887 Viamonte,
505 1829 796 1874 Franciscus
825 1830 1080 1886 (Frances)
1102 1828 1183 1885 de,

294 1901 323 1947 3
358 1935 370 1947 .

204 1913 399 2022 vizaiia
414 1976 548 2022 Stae.
569 1976 744 2022 Clarae
759 1976 1182 2036 gandiensiS,495,

206 2051 430 2183 Vifflius
473 2125 750 2171 carthusiae
793 2125 856 2170 de
894 2125 1182 2172 Miraflores.

265 2197 391 2243 Vide
413 2198 659 2256 Meneses,
685 2200 984 2258 Alphonsus.

207 2272 432 2318 Vicarius
453 2273 730 2332 perusinus,
754 2274 859 2332 829.

205 2345 527 2406 Vidigueyra,
550 2348 757 2393 Michael
778 2348 841 2393 de
859 2350 924 2407 la,
940 2345 1198 2408 orphanus

265 2419 525 2479 lusitanus,
547 2420 654 2477 508.

206 2493 373 2540 Vieira
393 2497 464 2550 (et
486 2496 671 2552 Viera),
702 2496 939 2555 Didacus,
970 2496 1188 2543 Societa-

268 2567 333 2612 tis
349 2567 590 2627 desertor,
613 2569 719 2625 802,
743 2569 830 2626 842
853 2568 928 2626 (Ρ).

205 2641 398 2687 Vienna
420 2642 668 2688 Austriae.
692 2643 819 2688 Vide
842 2643 1008 2689 Wien.

205 2715 370 2769 Viera,
393 2715 564 2767 frater,
585 2717 692 2762 606.

205 2788 416 2847 Vignes,
447 2790 809 2849 Hieronymus,
839 2790 1039 2848 collegii
1076 2804 1191 2835 nea-

264 2863 468 2923 politani
487 2863 667 2923 fautor,
689 2865 798 2922 664,
819 2865 906 2921 665
919 2898 931 2909 .

206 2937 517 2991 Vilabertran
553 2945 604 2983 et
649 2938 998 2996 Villabeltran,
1038 2939 1191 2984 abbas

265 3011 344 3056 de.
369 3012 495 3058 Vide
518 3014 823 3073 Domenech,
846 3014 1041 3059 Petrus.

206 3085 337 3131 Villa
357 3086 419 3131 de
448 3086 619 3133 Conde
649 3088 700 3132 in
731 3088 1050 3147 Portugallia,
1081 3100 1192 3146 429·

267 3159 373 3218 432.

206 3235 496 3295 Villalobos,
519 3237 803 3296 Alphonsus
825 3237 906 3296 de,
930 3236 1190 3296 episeopus

171 3329 175 3332 ·
262 3310 604 3370 squillacensis
634 3312 915 3370 (Scillace),
948 3312 1056 3369 659,
1079 3310 1184 3369 846.

202 3383 434 3443 Villalon,
452 3386 513 3430 P.
538 3385 604 3430 N.
620 3420 632 3444 ,
651 3385 704 3430 S.
725 3387 794 3444 J.,
812 3384 919 3444 539,
937 3384 1188 3443 Ognatum

260 3457 417 3516 venit,
442 3467 547 3517 554,
570 3458 676 3516 654.

202 3526 495 3593 Villalonga,
527 3534 669 3592 virgo
698 3535 806 3579 Deo
838 3549 993 3591 sacra,
1024 3534 1188 3578 Barci-

260 3621 391 3652 none
413 3607 464 3653 in
484 3609 725 3654 coenobio
742 3608 877 3654 Stae.
898 3608 1092 3666 Clarae,
1107 3609 1185 3663 65.

203 3681 514 3736 Villanueva,
538 3683 599 3727 P.
629 3682 920 3728 Franciscus
937 3682 1019 3741 de,
1044 3682 1096 3727 S.
1122 3682 1190 3739 J.,

267 3755 414 3800 sociis
444 3756 868 3815 complutensibus
891 3754 1191 3814 praefectus,

269 3827 317 3881 6,
340 3839 413 3888 10,
439 3840 511 3888 15,
555 3830 627 3886 18,
669 3830 745 3886 883
785 3829 846 3874 ad
882 3828 1190 3874 salutandum

1761 372 1778 404 ⁸
2153 325 2247 373 955

1332 426 1502 470 Btum.
1527 428 1656 486 Mag.
1683 429 1846 474 Avila.
1881 430 2140 477 Societatis
2162 447 2247 478 no·

1333 498 1463 543 mine
1496 500 1723 559 mittitur,
1766 502 1867 560 1'3,
1904 505 2011 560 1563
2038 506 2254 551 Araozio

1333 572 1520 630 scribit,
1552 585 1656 629 221,
1700 587 1801 633 222,
1847 590 1954 635 224,
1989 578 2094 637 230,
2137 579 2250 637 248,

1333 654 1438 703 259,
1457 646 1562 704 260,
1585 648 1689 706 268,
1716 660 1930 708 272-274,
1961 652 2064 708 2783
2088 654 2246 698 consi·

1329 718 1447 763 lium
1469 720 1531 765 de
1554 722 1854 768 instituendo
1876 726 2078 770 astiensi
2099 728 2249 772 colle-

1330 791 1413 849 gio
1434 792 1677 850 dissolvit,
1716 807 1819 852 2923
1857 798 2250 856 reprehenditurt.

1331 868 1681 924 poenitentiam
1707 869 1801 914 sibi
1832 870 2098 928 injunctam
2134 885 2249 916 cum

1333 940 1481 985 animi
1491 940 1786 987 demissione
1797 944 2018 1002 suscipit,
2033 943 2221 1001 298-301
2233 957 2253 1000 ς.

1284 1015 1287 1017 ’
1333 1014 1526 1072 Ignatio
1563 1016 1899 1062 Guadalaxara
1930 1018 2116 1074 scribit;
2141 1017 2256 1076 302,

1335 1086 1441 1145 316,
1480 1087 1584 1145 321,
1616 1088 1720 1142 331,
1744 1089 1848 1146 3333
1867 1090 2138 1135 sacerdotio
2160 1090 2249 1135 ini-

1334 1161 1529 1207 tiandus
1537 1197 1548 1219 ,
1560 1162 1664 1221 379;
1678 1163 1936 1223 Compluto
1947 1158 2132 1223 scribit,
2143 1164 2252 1208 386-

1336 1234 1442 1294 390,
1471 1236 1689 1296 418-419,
1727 1239 1832 1295 476,
1871 1238 1975 1295 6043
2002 1238 2181 1283 Siliceo
2198 1238 2250 1283 in

1337 1309 1636 1355 Societatem
1658 1311 1925 1366 saeviente,
1953 1312 2164 1356 Pintiam
2188 1312 2251 1356 ad

1337 1384 1688 1442 provincialem
1730 1385 1847 1442 adit,
1886 1386 2100 1441 607-610,
2143 1386 2257 1442 611,

1336 1458 1553 1515 612-6173
1585 1459 1636 1503 in
1673 1459 1753 1504 via
1788 1459 1844 1504 fit
1866 1460 1912 1504 ei
1949 1460 2143 1504 obviam
2165 1460 2252 1504 Mi-

1338 1533 1477 1577 chael
1507 1532 1568 1576 de
1605 1533 1798 1578 Torres:
1831 1534 1973 1577 ambo
2001 1538 2253 1577 revertun-

1339 1613 1435 1663 tur,
1453 1606 1536 1651 621
1564 1614 1613 1652 et
1636 1620 1792 1666 seqq.;
1817 1614 1925 1651 acta
1945 1621 2055 1651 cum
2081 1608 2251 1651 toleta-

1336 1694 1401 1725 no
1429 1680 1669 1739 antistite,
1710 1682 1816 1737 625,
1853 1682 1961 1739 626,
1998 1679 2103 1738 632,
2143 1679 2256 1739 635,

1334 1752 1442 1810 638,
1472 1753 1580 1812 639,
1602 1755 1707 1811 658;
1739 1754 1855 1814 quid
1877 1755 2038 1801 animo
2061 1768 2252 1812 praesaa

1333 1827 1438 1886 giat
1467 1828 1758 1873 Villanueva
1786 1828 1848 1872 de
1878 1829 1936 1872 P.
1968 1829 2252 1872 Bustaman-

1334 1907 1403 1958 te,
1427 1902 1533 1960 661,
1565 1903 1670 1958 662,
1693 1903 1799 1958 6713
1824 1904 1975 1946 multa
2003 1901 2147 1946 nimis
2179 1915 2252 1945 ar-

1338 1975 1652 2035 chiepiscopo
1675 1978 1889 2021 toletano
1918 1974 2139 2027 concedi,
2165 1970 2255 2033 {sto

1336 2052 1467 2095 bono
1509 2051 1659 2109 pacis,
1704 2050 1971 2107 existimat,
2000 2048 2104 2102 688,
2144 2048 2252 2106 690,

1337 2123 1444 2183 786,
1466 2124 1571 2182 788,
1596 2125 1700 2182 827,
1723 2126 1827 2182 828,
1846 2125 1951 2181 855,
1970 2123 2072 2181 879·

1279 2197 1591 2256 Villanueva,
1631 2198 1768 2243 Stus.
1814 2199 2024 2242 Thomas
2064 2196 2144 2253 de,
2183 2211 2257 2240 ar-

1337 2271 1679 2331 chiepiscopus
1709 2272 2017 2327 valentinus,
2042 2271 2117 2326 86;
2143 2285 2258 2315 cum

1339 2346 1509 2390 morbo
1560 2346 1888 2391 conflictatur:
1933 2343 2254 2409 convalescit,

1338 2418 1483 2471 ibid.‚·
1504 2434 1532 2463 a
1562 2420 1851 2465 lustratione
1880 2419 2125 2476 virginum
2147 2418 2255 2461 bar-

1338 2491 1678 2538 cinonensium
1716 2493 1888 2539 statuit
1926 2507 1980 2537 se
2003 2506 2261 2547 excusare,¹

1347 2576 1448 2624 159,
1468 2566 1573 2620 213,
1594 2579 1698 2626 229.

1280 2639 1573 2686 Villanueva
1601 2642 1662 2686 de
1692 2643 1764 2686 los
1794 2640 2085 2692 Escuderos,
2124 2637 2257 2697 oppi-

1348 2718 1465 2763 dum
1482 2715 1769 2775 Hispaniae,
1787 2713 1891 2766 613,
1916 2714 2020 2769 614.

1282 2792 1560 2846 Villarr-asa‚
1595 2788 1951 2834 Ferdinandus.
1983 2786 2108 2830 Vide
2143 2786 2257 2829 Bar-

1340 2881 1483 2913 rasa..

1280 2941 1464 2986 Villora
1486 2976 1497 2998 ,
1541 2937 1770 2997 oppidum
1808 2934 2073 2993 Hispaniae
2096 2968 2107 2990 ,
2146 2930 2259 2987 613,

1340 3015 1444 3072 614.

1281 3090 1462 3147 Vinck,
1486 3089 1544 3133 P.
1589 3084 1847 3130 Antonius.
1889 3082 1940 3126 S.
1983 3082 2051 3139 J.,
2074 3079 2150 3138 35,
2173 3079 2251 3136 363

1340 3170 1501 3209 rector
1532 3158 1807 3205 mamertini
1829 3155 2042 3214 collegii:
2077 3155 2182 3212 ejus
2204 3154 2255 3198 in

1339 3235 1658 3296 gubernando
1680 3232 1803 3278 ratio
1820 3232 2067 3291 probatur,
2089 3229 2194 3273 601.

1283 3311 1503 3367 Vinefar,
1523 3323 1693 3369 pagus.
1719 3307 1843 3351 Vide
1866 3304 2078 3350 Binefar.

1285 3386 1438 3430 Vifies
1460 3384 1704 3440 (Vinyes),
1729 3381 1783 3423 P.
1809 3378 2081 3433 MauritiuS,
2101 3377 2157 3420 S.
2187 3377 2255 3433 J.,

1346 3469 1416 3514 173
1436 3456 1570 3515 eupit
1602 3452 1836 3499 Societati
1859 3449 2124 3503 accenseri,
2150 3458 2254 3504 527,

1338 3533 1445 3588 605,
1469 3530 1574 3585 6063
1600 3529 1647 3572 id
1670 3528 1897 3585 impetrat
1928 3539 1955 3567 a
1986 3524 2089 3567 Sto.
2116 3524 2255 3579 Igna-

1341 3605 1426 3657 tio,
1451 3600 1744 3659 607.-Vide
1775 3599 1896 3653 Salt,
1921 3595 2193 3640 Francisca.

1284 3680 1443 3731 Viola,
1468 3679 1522 3721 P.
1549 3678 1760 3734 Joannes
1783 3674 1909 3726 ssta.‚
1936 3671 1986 3714 S.
2011 3671 2078 3726 J.,
2100 3668 2145 3719 8,
2179 3678 2252 3721 213

1342 3753 1562 3797 Societas
1586 3746 1783 3792 Parisiis
1808 3746 1931 3788 male
1970 3741 2122 3799 audit,
2146 3740 2254 3795 256,

1345 3826 1450 3883 258,
1471 3825 1570 3881 460,
1602 3819 1840 3879 angustiis
1871 3815 2125 3876 premitur,
2146 3823 2255 3870 497-
