2658 4296
1083 302 1086 305 Α
1131 251 1190 298 30
1219 254 1362 312 Jtmn
1395 263 1507 310 155u
2252 265 2347 325 411..
2370 315 2372 320 λ

298 385 592 440 doctorem
607 392 829 452 tamen,
859 400 990 443 cum
1025 399 1141 453 quo
1166 381 1276 439 iam
1310 399 1344 439 a
1368 379 1626 451 pluribus
1658 380 1822 436 annis
1847 400 2068 438 summa
2094 383 2336 454 conjun-

302 488 432 535 ctus
463 487 551 535 est
585 477 1025 545 necessitudine,
1062 475 1469 549 benignissime
1495 475 1737 547 excepit,
1768 475 2030 548 illiusque
2056 481 2342 535 consortio

302 595 368 631 ac
394 574 714 648 praesentia
739 593 961 630 summo
986 583 1159 645 opere
1190 582 1278 629 est
1310 573 1647 640 delectatuS,
1680 573 1821 627 adeo
1857 582 1920 626 vt
1948 575 2074 630 talis
2099 554 2357 648 hospitis

301 673 556 728 aduentu
582 670 921 751 beneficium
947 670 1136 745 potius
1162 669 1448 747 accepisse
1481 687 1650 740 quam
1686 668 1994 727 contulisse
2025 671 2333 727 videretur.

303 769 485 839 Cujus
515 767 599 824 rei
631 767 772 823 illud
805 761 1033 828 abunde
1059 785 1329 838 magnum
1367 774 1455 828 est
1478 773 1900 837 argumentum,
1932 767 2084 836 quod
2110 786 2356 830 mensae>

301 863 480 936 ipsius
513 882 734 935 semper
777 872 1012 935 cuperet
1040 861 1307 939 nerninem,
1334 861 1606 918 ,assistere
1621 904 1634 928 ,
1671 861 1883 932 vixque
1913 861 2070 916 illum
2108 864 2340 919 minimo

305 960 571 1033 temporis
597 960 905 1018 interuallo
932 979 972 1017 a
997 959 1297 1019 sebsineret
1323 960 1542 1029 abesse,
1573 967 1653 1026 et,
1681 967 1745 1012 vt
1768 960 1947 1015 verbo
1977 961 1991 986 ¹
2022 958 2223 1027 dicam,
2256 970 2347 1016 tot

286 1075 367 1113 ae
393 1066 558 1113 tanta
590 1056 808 1111 doctori
842 1064 1036 1112 nostro
1063 1054 1272 1112 amoris
1313 1063 1371 1110 et
1404 1053 1838 1112 beneuolentiae
1872 1054 2129 1123 exhibuit
2164 1075 2338 1128 argu-

300 1162 493 1211 menta
525 1152 591 1226 (si
626 1153 794 1207 modo
839 1153 1182 1211 haecverae
1227 1150 1546 1206 dilectionis
1579 1151 1746 1222 signa
1779 1150 2020 1207 dicenda
2064 1152 2237 1223 sunt),
2277 1161 2348 1206 vt.

300 1249 569 1307 maiorem
597 1251 714 1305 fere
741 1247 1009 1319 temporis
1035 1256 1273 1323 partem,
1305 1240 1419 1319 quo
1444 1247 1524 1302 ibi
1549 1247 1777 1314 mansit,
1800 1247 1861 1301 in
1880 1250 1990 1302 hoc
2008 1247 2336 1315 insumeret,

302 1356 382 1414 vt,
413 1346 606 1401 multis
625 1346 783 1400 illum
809 1344 1270 1418 persuasionibus
1289 1331 1612 1416 ‘amplisque
1631 1343 2004 1416 prouentibus
2023 1344 2245 1411 oblatiS,
2270 1347 2342 1401 ad

298 1462 360 1499 se
393 1444 765 1515 pertraheret,
795 1449 969 1512 atque
992 1447 1267 1513 perpetuo
1293 1440 1354 1495 in
1380 1459 1485 1498 suo
1512 1440 1788 1512 obsequio
1814 1421 2102 1497 retineret.
2135 1432 2354 1496 Anim?

299 1540 604 1595 aduertens
649 1538 877 1594 tandem
922 1555 984 1592 se
1036 1537 1247 1594 frustra
1297 1536 1475 1594 adniti
1527 1538 1798 1608 nullaque
1842 1556 2074 1609 prorsus
2125 1536 2342 1593 ratione

299 1635 448 1693 effici
473 1652 640 1707 posse
666 1635 820 1704 quod
844 1633 967 1705 ipse
988 1633 1124 1692 totis
1144 1633 1809 1706 viribus-praetendebat,
1833 1634 2109 1689 attonitus
2130 1634 2210 1690 rei
2231 1634 2339 1687 mi-

299 1732 514 1798 racu10,
543 1750 662 1787 rem
690 1748 884 1786 secum
911 1711 1328 1798 considerabat,
1359 1730 1644 1787 admirans
1665 1749 1866 1785 aurum
1887 1730 2023 1802 igne
2050 1729 2338 1787 examina-

301 1836 444 1896 tum,
481 1828 779 1899 probatum
827 1835 1028 1894 terrae,
1076 1836 1387 1899 purgatum
1422 1829 1746 1900 septuplum
1782 1829 1825 1894 ²,
1862 1826 2124 1897 quamuis
2169 1826 2225 1880 in
2273 1845 2340 1882 ea

300 1922 566 1995 opinione
599 1922 944 1994 persisteret,
985 1925 1104 1980 fore
1136 1932 1200 1981 vt
1224 1923 1551 1980 huiusmodi
1577 1942 1778 1980 aurum
1805 1923 2011 1979 clarius
2038 1924 2335 1988 reluceret,

299 2019 349 2074 si
373 2018 638 2075 nobiliori
664 2020 894 2076 metallo
913 2021 1192 2078 caelatum
1211 2019 1615 2077 includeretur.
1644 2024 1783 2077 Post
1803 2023 1963 2087 haeC,
1993 2020 2129 2074 visis
2156 2019 2338 2091 diplo-

297 2115 546 2171 matibus
578 2134 644 2170 ac
671 2115 985 2189 priuilegiis
1011 2116 1302 2189 religionis
1336 2126 1585 2185 nostrae,
1615 2119 1794 2190 longo
1826 2136 2088 2173 sermone
2121 2122 2337 2188 pertra-

298 2220 528 2268 ctarunt
551 2212 623 2267 de
649 2214 817 2267 modo
842 2222 901 2268 et
925 2213 1123 2270 ordine
1148 2213 1394 2270 instituti
1418 2214 1618 2283 nostri,
1649 2223 1842 2286 atque,
1873 2223 2147 2286 quantum
2181 2213 2351 2268 licuit,

296 2308 587 2380 colligere,
618 2308 757 2362 nihil
783 2327 978 2365 eorum
1005 2309 1112 2382 ipsi
1139 2310 1491 2382 displicebat,
1514 2314 1625 2368 hoc
1650 2331 1765 2367 vno
1789 2313 2039 2384 demptO,
2064 2312 2217 2381 quod
2236 2329 2338 2366 ne-

297 2423 582 2476 quaquam
601 2407 899 2476 probabat,
923 2407 1159 2475 scilicet,
1183 2409 1526 2465 Societatem
1547 2408 1715 2465 dictis
1734 2408 2050 2481 priuilegiis
2070 2409 2152 2464 vti
2172 2425 2338 2480 posse

294 2501 621 2558 nolentibus
646 2502 817 2560 etiam
843 2521 911 2558 ac
932 2505 1343 2560 reluctantibus
1364 2505 1660 2562 ordinariis
1679 2515 1739 2563 et
1755 2505 2055 2579 episcopiS,
2078 2505 2348 2578 inquiensv

294 2597 528 2654 minime
559 2599 762 2656 decere
809 2608 1023 2656 tantam
1068 2602 1401 2658 modestiam
1446 2612 1506 2658 et
1538 2603 1934 2670 humilitatem,
1984 2622 2152 2674 quam
2188 2604 2343 2658 vltro

296 2694 648 2766 profitemur,
686 2695 856 2750 eximi
889 2716 923 2752 a
956 2697 1148 2754 debita
1180 2698 1500 2755 reuerentia
1538 2709 1596 2758 et
1628 2700 1950 2758 obedientia
1984 2700 2337 2772 superiorum

296 2808 550 2846 suorum.
582 2792 736 2847 Huic
764 2794 1070 2864 objectioni
1096 2796 1386 2867 respondit
1407 2798 1578 2854 Pater
1604 2798 1823 2866 doctor,
1847 2817 1963 2854 non
1983 2796 2346 2853 obstantibus>

297 2886 562 2942 omnibus
587 2887 922 2962 priuilegiis,
952 2892 1103 2948 nolle
1129 2900 1320 2948 tamen
1346 2893 1742 2964 paternitatem
1771 2903 1926 2950 tuam
1954 2903 2015 2948 vt
2041 2894 2338 2965 quisquam

301 2990 527 3039 tuorum
561 2986 669 3040 hac
695 2969 886 3041 Vtatur
917 2996 1219 3058 potestate,
1258 2989 1367 3044 nisi
1401 2989 1569 3064 prius
1596 2991 1774 3062 petita
1812 2992 2080 3048 facultate
2113 2992 2184 3045 ab
2218 2989 2337 3060 epi-

298 3097 473 3151 scopo
499 3100 510 3135 :
542 3081 790 3154 itemque
815 3083 1140 3140 huiusmodi
1165 3086 1580 3158 exemptionem
1607 3106 1721 3143 non
1750 3088 1924 3144 fuisse
1951 3105 2169 3142 summo
2196 3105 2338 3157 pon-

302 3175 439 3231 tifici
475 3178 817 3249 propositam
852 3188 916 3234 vt
949 3180 1100 3237 illam
1135 3185 1500 3251 concederet,
1544 3186 1645 3239 sed
1682 3188 1828 3240 hanc
1874 3203 1998 3241 esse
2042 3182 2233 3237 frasim
2272 3200 2341 3237 ac

298 3273 531 3344 styllum
558 3274 749 3332 curiae
770 3294 1058 3334 romanae.
1089 3279 1395 3335 Caeterum
1420 3282 1530 3335 hac
1556 3281 1920 3353 responsione
1953 3298 2068 3334 non
2101 3287 2336 3333 conten-

301 3377 414 3436 tuS,
452 3369 728 3441 quidquid
765 3370 840 3426 sit
875 3372 1076 3445 (inquit
1110 3374 1270 3447 ipse),
1310 3376 1541 3433 arbitrio
1574 3386 1765 3433 vestro
1807 3375 2141 3446 relinquitur
2172 3374 2344 3445 plena

298 3463 408 3520 ista
432 3475 704 3537 potestas,

390 3698 407 3725 ¹
468 3698 561 3743 Ms.
583 3710 823 3746 numero,>

390 3771 411 3799 ²
469 3770 554 3817 PS.
580 3783 652 3832 xl,
674 3782 719 3831 7.
