2658 4296
1082 301 1253 346 INDEX
1282 310 1465 348 RERUM

296 423 352 461 tu
374 431 427 461 se
464 417 710 474 abdicare,
750 417 854 475 5183
897 418 1218 465 Barcinonem

298 491 506 547 accedit,
530 492 619 537 sed
655 508 754 538 non
782 493 1073 552 ingreditur,
1113 505 1217 551 5213

300 565 591 610 Monzonem
614 566 819 623 devitat,
845 579 949 624 529,
974 567 1079 627 538,
1114 567 1218 626 539;

299 639 534 698 Loyolam
564 642 728 698 venit,
757 652 860 699 5423
884 642 939 687 fit
972 642 1218 698 sacerdos;

302 723 413 771 552,
439 713 543 770 5533
574 715 813 761 virtutum
843 718 1070 776 exempla
1099 716 1218 762 edit:

298 788 641 846 concionatur,
689 789 799 847 563,
840 792 926 848 565
972 799 1023 836 et
1061 807 1220 851 seqq.,

299 872 405 919 571,
430 865 644 922 574-576,
665 876 768 921 595;
788 865 838 910 in
855 866 1000 911 domo
1018 866 1223 925 lojolaea

299 937 510 996 primum
548 939 807 997 sacrificat,
847 951 958 998 5973
993 940 1142 985 variis
1171 941 1222 986 in

298 1012 418 1057 locis
448 1015 601 1057 verba
630 1012 774 1072 facit,
805 1014 946 1067 ibid„
979 1014 1220 1073 599,'628,

297 1084 403 1142 630;
415 1085 604 1132 fructus
618 1102 679 1131 ex
697 1086 804 1145 ejus
821 1086 926 1132 vita
941 1094 1220 1147 perceptuS,

294 1159 401 1216 642;
426 1174 454 1203 a
470 1174 677 1218 prorege
695 1160 943 1205 Navarrae
965 1160 1220 1218 invitatus,

294 1232 396 1277 adit
432 1233 846 1293 Pompej0polim,
884 1234 990 1291 6473
1030 1249 1221 1279 sacrum

297 1306 359 1351 ad
402 1307 785 1368 indulgentiam
822 1308 1105 1353 lucrandam
1145 1321 1223 1353 co-

296 1395 400 1425 ram
418 1380 610 1439 ingenti
626 1383 804 1440 populo
817 1382 1068 1440 Vergarae
1085 1381 1221 1440 facit,

297 1455 404 1513 6523
427 1456 565 1500 illum
587 1456 681 1501 viri
709 1455 956 1515 principes
981 1456 1220 1512 invisunt,

295 1527 402 1585 6533
426 1535 477 1574 et
497 1544 820 1588 vergarenses
850 1529 1064 1575 retinere
1094 1530 1223 1589 apud

297 1618 352 1648 se
372 1604 595 1663 cupiunt,
617 1605 722 1660 657,
741 1603 850 1662 669,
863 1603 970 1661 693,
988 1605 1095 1661 694,
1113 1605 1220 1662 6963

294 1678 1222 1738 vallisoletanossuoadspecturecreat‚

294 1762 400 1809 7053
425 1751 532 1810 ejus
568 1752 812 1797 adventus
842 1753 892 1797 in
922 1753 1223 1811 Portugallia

295 1826 563 1886 expetitus,
586 1836 694 1885 709,
717 1825 823 1882 713,
846 1825 952 1883 728,
983 1836 1090 1883 7413
1115 1840 1223 1885 pro-

294 1902 440 1945 batur
482 1900 787 1960 principibus
830 1901 1056 1946 lusitanis
1093 1901 1222 1960 quod

295 1989 395 2021 non
443 1974 697 2020 admiserit
735 1977 937 2021 rubrum
979 1976 1218 2034 galerum:

295 2049 416 2095 socii
433 2051 811 2108 laetantur,750,
830 2048 935 2106 753,
954 2050 1059 2106 7653
1076 2051 1222 2108 Joan-

295 2124 466 2170 ni-suo
496 2132 546 2169 et
576 2124 887 2180 Laurentiae,
912 2124 1221 2169 matrimonio

289 2198 494 2258 junctis,
505 2198 903 2245 benedictionem
920 2197 1215 2257 impertitur,

296 2283 402 2331 7773
441 2287 666 2318 romanas
699 2272 890 2318 litteras
919 2272 1123 2332 accipit,
1154 2273 1216 2317 de

296 2348 601 2394 cardinalitia
615 2347 857 2405 dignitate
874 2353 1099 2406 agentes,
1109 2357 1216 2405 779,

297 2423 403 2479 780,
427 2421 532 2478 788,
557 2421 661 2479 7893
681 2428 916 2480 quartana
938 2420 1063 2466 febri
1086 2422 1219 2466 labo-

295 2504 389 2555 rat,
420 2496 525 2553 8053
560 2495 882 2549 convalescit,
920 2494 1025 2551 8063
1067 2496 1218 2540 Arao-

296 2572 427 2617 zium
469 2571 756 2627 comitatur,
800 2570 914 2627 807,
953 2569 1067 2627 809,
1110 2569 1216 2628 822,

296 2645 403 2703 835,
437 2644 550 2701 846,
581 2644 700 2703 quid
728 2644 941 2689 senserit
970 2643 1031 2688 de
1055 2645 1218 2688 oblata

295 2719 391 2765 sibi
412 2718 730 2764 cardinalium
752 2725 979 2777 purpura:
1003 2716 1138 2777 quid,
1163 2724 1218 2762 ut

294 2792 577 2853 splendidos
587 2794 797 2836 honores
807 2793 869 2836 ab
881 2806 934 2836 se
944 2794 1215 2848 removeat,

296 2867 474 2926 egerit,
503 2867 608 2924 847,
639 2865 753 2924 848,
784 2865 890 2923 849,
914 2864 1019 2922 878;
1053 2863 1217 2923 Ogna-

298 2948 404 2986 tum
424 2940 571 2998 redit,
594 2939 675 2983 881
688 2973 698 2984 .

239 3014 402 3074 Borja,
414 3014 605 3072 Gaspar
622 3012 758 3071 Jofre
775 3012 1126 3072 de,episcopus
1143 3027 1218 3058 se-

297 3087 603 3148 gobricensis
634 3087 877 3147 (Segorbe
889 3088 936 3144 ),
970 3086 1219 3132 studiosus

299 3161 579 3216 Societatis,
617 3160 680 3204 de
715 3159 926 3216 collegio
959 3158 1220 3216 gandiensi

298 3237 427 3281 bene
452 3234 675 3288 meritus,
708 3242 810 3289 157,
841 3231 944 3290 158,
968 3241 1076 3288 450,
1102 3243 1209 3289 522.
1255 3287 1257 3290 Α

238 3309 402 3368 Borja,
447 3309 636 3366 Joanna
672 3306 734 3351 de
748 3341 760 3364 ,
799 3319 936 3350 soror
973 3306 1218 3364 pontificis

299 3381 569 3429 Alexandri
591 3382 679 3439 VI,
702 3390 803 3437 157.
1198 3372 1203 3382 ⁴

239 3457 403 3516 Borja,
427 3458 616 3515 Joanna
639 3454 719 3509 de,
756 3453 857 3498 filia
888 3452 986 3497 Sti.
1024 3450 1220 3497 Franci-

295 3532 386 3590 sci,
410 3545 533 3576 uxor
561 3529 765 3587 Joannis
782 3529 1027 3586 Enriquez
1050 3526 1112 3570 de
1137 3525 1219 3569 Al-

295 3618 464 3650 mansa
486 3610 536 3648 et
557 3602 722 3660 Rojas,
743 3599 1037 3645 marchionis
1054 3599 1116 3643 de
1135 3598 1219 3642 Al-

297 3679 511 3732 cafiices.
535 3687 639 3733 271,
663 3675 770 3732 629,
794 3673 900 3732 845,
919 3672 1025 3729 851,
1043 3671 1152 3727 878.

240 3752 404 3811 Borja,
444 3752 659 3809 Joannes
705 3748 767 3792 de
782 3781 793 3803 ,
833 3747 933 3791 dux
970 3746 1044 3790 III
1089 3744 1220 3790 Gan-

301 3827 430 3883 diae,
453 3832 590 3885 pater
612 3823 703 3869 Sti.
729 3820 994 3877 Francisci,
1012 3818 1116 3864 223.

2195 315 2283 362 915

1309 418 1473 478 BorJa,
1499 421 1713 478 Joannes
1735 420 1812 475 de,
1836 420 1964 465 filius
1984 421 2075 466 Sti.
2095 423 2287 467 Franci-

1368 494 1467 552 sci,
1504 504 1586 550 173
1626 495 1829 538 Romam
1852 509 1992 539 suum
2013 496 2285 553 genitorem

1368 566 1644 624 comitatur,
1667 578 1772 624 451,
1798 578 1900 625 515,
1925 567 2027 625 539,
2053 570 2286 629 Loyolam

1368 639 1524 695 venit,
1551 651 1654 697 542,
1681 651 1783 696 555,
1810 642 1912 698 569,
1937 643 2287 703 5703C0mp1u-

1369 718 1500 769 tum,
1540 713 1810 757 studiorum
1856 729 2018 771 causa,
2058 717 2285 776 mittitur,

1371 796 1476 844 599,
1500 787 1605 844 604;
1626 787 1821 832 Matrito
1839 788 1942 832 Sto.
1964 790 2156 847 Ignatio
2173 792 2287 836 scri-

1369 860 1460 919 bit,
1483 861 1590 917 610,
1615 861 1720 917 611,
1750 861 1855 917 6163
1889 863 2018 920 quod
2041 864 2101 908 ad
2131 865 2286 910 subsi—

1370 934 1506 979 dium
1535 934 1732 992 collegii
1764 937 1949 980 romani
1978 937 2286 997 promiserat,

1370 1009 1541 1068 nequit
1571 1011 1845 1067 exsolvere,
1868 1009 1973 1066 6383
2007 1011 2045 1055 it
2074 1012 2286 1058 Taurum

1369 1097 1482 1126 cum
1503 1082 1745 1142 Philippo,
1765 1083 2031 1142 Hispaniae
2050 1085 2283 1146 principe,

1369 1156 1474 1212 6563
1500 1171 1613 1201 aere
1635 1157 1794 1202 alieno
1815 1163 2066 1214 gravatur?
2087 1159 2203 1217 quid
2224 1160 2286 1204 de

1371 1230 1456 1275 illo
1479 1229 1661 1274 sentiat
1685 1232 1859 1285 Araoz,
1879 1231 2017 1283 ibid„
2041 1231 2146 1288 6593
2172 1247 2287 1277 uxo-

1371 1319 1475 1349 rem
1517 1304 1653 1348 ducit
1690 1305 2000 1349 Laurentiam
2043 1306 2104 1350 de
2149 1292 2287 1353 Ofiaz

1363 1371 1424 1423 'et
1454 1380 1656 1437 Loyola,
1691 1388 1804 1435 777;
1845 1380 1936 1423 hae
1977 1380 2176 1438 nuptiae
2207 1395 2287 1425 an-

1372 1469 1475 1498 sam
1498 1455 1735 1512 praebent
1765 1453 2016 1497 malevolis
2039 1460 2091 1497 ut
2120 1453 2286 1513 inique

1372 1528 1531 1572 Stum.
1604 1527 1846 1585 Ignatium
1915 1528 2286 1582 calumnientur,

1372 1602 1478 1660 808,
1501 1602 1606 1658 812,
1630 1602 1735 1658 845,
1759 1601 1863 1658 846,
1889 1601 1994 1659 849,
2026 1601 2132 1658 851.

1311 1676 1473 1734 Borja,
1507 1675 1752 1720 Ludovica
1782 1675 1862 1732 de,
1895 1689 2029 1719 soror
2056 1690 2288 1732 germana

1371 1750 1468 1796 Sti.
1499 1749 1763 1804 Francisci,
1787 1750 2035 1794 comitissa
2058 1749 2118 1793 de
2143 1750 2287 1794 Riba-

1368 1839 1535 1883 gorza,
1560 1831 1728 1883 postea
1750 1823 1943 1867 ducissa
1965 1823 2024 1866 de
2049 1823 2284 1867 Villaher-

1371 1920 1524 1963 mosa,
1546 1905 1626 1949 cui
1654 1918 1926 1961 cognomen
1961 1905 2022 1947 ob
2054 1903 2159 1961 ejus
2192 1903 2285 1948 vir-

1370 1986 1502 2023 tutes
1534 1977 1779 2022 adhaesit:
1810 1977 1879 2020 La
1904 1977 2063 2021 Santa
2086 1977 2286 2034 Duque-

1368 2068 1444 2106 sa,
1469 2063 1573 2110 529,
1603 2060 1707 2108 710.

1310 2126 1455 2184 Borja
1491 2132 1542 2170 et
1580 2126 1802 2182 Arag6n,
1849 2124 1990 2167 Anna
2026 2122 2104 2178 de,
2149 2137 2285 2167 soror

1365 2212 1598 2257 germana
1614 2197 1705 2242 Sti.
1731 2195 1993 2252 Francisci,
2013 2195 2153 2252 virgo
2176 2196 2284 2239 Deo

1368 2286 1506 2317 sacra
1535 2271 1596 2316 ad
1618 2271 1751 2315 Stae.
1778 2270 1948 2315 Clarae
1978 2267 2282 2326 gandiensis,

1368 2349 1524 2402 (soror
1542 2348 1729 2404 Joanna
1747 2343 2098 2400 Evangelista),
2117 2353 2221 2399 495.

1309 2421 1453 2480 Borja
1475 2428 1526 2466 et
1548 2422 1764 2478 Arag6n,
1783 2419 2033 2463 Elisabeth
2051 2417 2131 2474 de,
2150 2431 2286 2461 soror

1367 2506 1601 2550 germana
1618 2489 1693 2535 Sti
1704 2525 1714 2534 .
1741 2488 2003 2540 Francisci,
2018 2487 2158 2544 virgo
2174 2501 2285 2531 con·

1370 2571 1559 2611 secrata
1575 2566 1700 2622 Deo,
1711 2563 1932 2608 Gandiae
1950 2562 2008 2606 ad
2027 2561 2160 2605 Stae.
2176 2559 2284 2605 Cla—

1368 2653 1468 2694 rae,
1491 2641 1647 2694 (soror
1671 2638 1858 2695 Joanna
1879 2635 2135 2694 Baptista),
2168 2645 2275 2689 495.

1308 2712 1452 2770 Borja
1474 2718 1524 2756 et
1543 2708 1920 2768 Aragon,Maria
1929 2708 2008 2764 de,
2028 2721 2161 2751 soror
2174 2720 2284 2763 ger-

1368 2800 1510 2829 mana
1529 2783 1620 2829 Sti.
1639 2782 1903 2839 Francisci,
1924 2781 2061 2837 virgo
2084 2778 2282 2824 Christo

1367 2857 1528 2904 dicata
1548 2858 1599 2902 in
1615 2856 1852 2901 coenobio
1868 2852 2123 2912 gandiensi
2145 2852 2277 2895 Stae.

1368 2933 1725 2990 Clarae,(sor0r
1738 2929 1887 2973 Maria
1898 2927 1958 2971 de
1970 2926 2164 2982 Cruce),
2175 2933 2260 2981 495
2269 2957 2282 2967 .

1308 3007 1453 3066 Borja
1494 3012 1544 3051 et
1592 3003 1935 3050 Castro-Pinos
1958 3037 1968 3058 ,
2015 3001 2157 3044 Anna
2198 2998 2281 3054 de,

1368 3095 1503 3126 soror
1531 3078 1860 3135 consaguinea
1882 3075 1977 3119 Sti.
2017 3072 2281 3128 Francisci,

1366 3155 1506 3212 virgo
1529 3153 1725 3199 Christo
1754 3150 1933 3194 devota
1963 3148 2013 3191 in
2041 3145 2283 3191 coenobio

1366 3226 1625 3287 gandiensi
1667 3225 1781 3269 Stae
1794 3257 1804 3266 .
1869 3223 2041 3268 Clarae
2057 3254 2068 3276 ,
2127 3223 2286 3274 (soror

1370 3303 1559 3361 Joanna
1580 3300 1641 3343 de
1673 3298 1867 3351 Cruce),
1891 3304 2000 3352 495.

1309 3376 1455 3434 Borja
1484 3381 1535 3419 et
1556 3370 1918 3426 Castro-Pinos,
1941 3369 2180 3412 Eleonora
2202 3365 2283 3423 de,

1369 3463 1506 3495 soror
1526 3444 1887 3502 consanguinea
1905 3442 1995 3486 Sti.
2017 3442 2054 3484 F
2056 3439 2282 3495 rancisci,

1370 3537 1494 3568 uxor
1514 3517 1764 3566 Michaelis
1786 3516 1846 3560 de
1869 3516 2075 3570 Gurrea,
2098 3522 2206 3567 710.

1311 3596 1457 3654 Borja
1468 3601 1519 3639 et
1529 3590 1890 3646 Castro-Pinds,
1901 3586 2049 3631 Maria
2060 3584 2138 3639 de,
2152 3596 2284 3628 soror

1370 3666 1733 3725 consanguinea
1764 3662 1860 3708 Sti.
1896 3657 2158 3712 Francisci,
2190 3657 2285 3700 vir-

1370 3759 1436 3803 go
1453 3746 1561 3789 Deo
1579 3755 1714 3787 sacra
1730 3739 1790 3784 ad
1808 3738 1940 3783 Stae.
1965 3736 2136 3781 Clarae
2154 3731 2282 3778 Gan-

1370 3817 1500 3874 diae,
1522 3817 1679 3870 (soror
1708 3810 1855 3856 Maria
1886 3807 2154 3861 Gabriela),
2177 3812 2281 3860 495.
