2658 4296
322 211 411 277 360
999 224 1294 268 EmsroLAE
1324 214 1681 272 M1xTAE—3o7
1728 228 1731 229 ⁷

436 351 766 421 Inscriptio:
803 349 842 422 ’ἰή
880 351 956 405 ΑΙ
982 350 1159 421 molto
1183 348 1325 403 Rdo.
1361 345 1543 410 Padre
1571 343 1629 397 in
1656 344 1864 414 Jesux0
1904 338 2099 410 signor
2133 345 2353 404 nostro,

325 452 405 504 M.
450 446 697 519 Egnatio
736 445 794 500 di
832 446 1065 516 Loyola,
1108 442 1393 516 preposito
1432 441 1577 495 della
1615 433 1969 508 Compagnia
2004 434 2061 488 di
2093 435 2251 507 jesu,
2300 432 2360 486 in

325 547 523 600 Roma.

434 640 568 693 Alia
594 656 800 697 manu:
827 639 1046 692 Arezzo
1074 636 1205 706 xviij
1237 635 1293 688 di
1320 637 1364 688 F
1367 635 1566 688 ebraro
1603 643 1759 699 1550.
1806 628 2095 697 Stephano
2130 625 2361 695 Capon-

326 735 536 790 sacchi.

1268 1001 1417 1052 30⁷

924 1129 1260 1178 CLAUDIUS
1293 1130 1380 1172 DE
1413 1123 1774 1175 COUDRETO

822 1252 1145 1306 FRATRI
1191 1250 1364 1305 SUO
1413 1246 1873 1303 LUDOVICO

937 1393 1168 1428 PATAvm
1191 1370 1247 1426 22
1268 1393 1551 1426 FEBRUARII
1578 1390 1691 1437 1550
1716 1383 1752 1423 ¹.

331 1504 436 1549 Sibi
457 1502 681 1561 religioni
703 1516 813 1547 esse
834 1502 895 1546 de
918 1502 1058 1547 bonis
1076 1502 1309 1560 paternis,
1328 1501 1481 1546 inscia
1498 1515 1585 1544 sua
1603 1505 1774 1549 matre,
1791 1497 2055 1558 quidquam
2071 1500 2367 1540 statuere.—

681 1577 756 1623 De
779 1576 879 1621 suis
901 1575 1091 1620 studiis:
1115 1575 1243 1620 serio
1265 1575 1315 1620 in
1335 1589 1537 1632 graecas
1558 1574 1745 1619 litteras
1765 1570 2020 1617 incumbit.

1260 1674 1424 1744 jhus.

445 1790 644 1847 Gratia
669 1799 727 1845 et
752 1809 862 1862 pax
889 1789 1100 1844 domini
1120 1789 1297 1843 nostri
1316 1792 1456 1863 Jesu
1484 1788 1695 1844 Christi
1715 1787 1878 1842 nobis
1898 1797 2174 1858 perpetuo
2200 1782 2364 1839 adsit.

447 1886 845 1957 Superioribus
881 1885 1100 1953 diebus,
1133 1886 1304 1941 frater
1338 1886 1396 1939 in
1433 1884 1661 1940 Christo
1688 1883 2090 1948 amantissime,
2121 1900 2227 1937 nee
2256 1882 2369 1936 Pa—

338 1982 438 2037 tris
473 1970 685 2036 domini
722 1981 955 2036 Polanci
981 1999 1086 2035 nec
1122 1982 1234 2036 tuis
1271 1982 1430 2052 potui
1464 1981 1805 2052 respondere
1839 1979 2035 2045 literis,
2074 1986 2371 2049 propterea

335 2079 492 2147 quod
525 2076 928 2148 aliquantisper
963 2077 1098 2130 mihi
1126 2077 1207 2149 (ut
1241 2076 1362 2148 ipse
1397 2076 1756 2147 admonebas)
1793 2094 1963 2146 super
1988 2074 2076 2147 iis,
2118 2093 2264 2144 quae
2298 2075 2371 2128 ad

335 2193 427 2230 me
452 2173 661 2244 scripta
687 2175 928 2239 fuerant,
962 2173 1327 2245 cogitandum
1355 2192 1479 2228 esse
1500 2172 1788 2227 uideretur
1814 2173 1856 2240 ²;
1881 2189 2027 2242 quae
2046 2191 2183 2227 sane
2211 2171 2372 2242 cogi-

338 2269 496 2337 tatio,
527 2287 696 2338 quam
723 2288 813 2324 me
839 2268 907 2323 iis
935 2269 1195 2324 omnibus
1222 2269 1442 2335 diebus,
1476 2289 1545 2325 ex
1571 2286 1685 2338 quo
1714 2278 1840 2323 tuas
1860 2268 2072 2340 accepi,
2098 2267 2368 2332 affecerit,

339 2374 510 2435 atque
538 2364 786 2419 animum
814 2365 1151 2431 distraxerit,
1181 2384 1296 2419 non
1325 2365 1488 2422 facile
1509 2374 1658 2421 esset
1684 2365 1890 2420 dicere.
1923 2364 2198 2435 Imprimis
2223 2363 2375 2419 enim

339 2461 751 2515 obuersabatur
797 2461 982 2515 animo
1029 2461 1163 2531 quid
1207 2464 1331 2517 Deo
1377 2461 1609 2518 fuissem
1637 2461 1951 2532 pollicitus;
1989 2462 2377 2532 proanebam

339 2558 481 2612 adeo
507 2556 644 2610 mihi
671 2556 847 2628 ipsius
876 2556 1001 2611 Rdi
1039 2557 1224 2612 Patris
1243 2558 1454 2612 domini
1475 2558 1680 2629 Ignatii
1701 2557 1900 2614 merita
1920 2558 1979 2612 in
1998 2577 2090 2614 me
2109 2556 2371 2623 maxima,

338 2671 486 2723 quae
512 2653 606 2708 uel
639 2654 777 2719 sola,
816 2671 908 2709 me
934 2654 1004 2707 ad
1039 2653 1114 2722 id,
1156 2655 1308 2724 quod
1342 2656 1487 2711 uelle
1522 2663 1576 2709 te
1611 2673 1878 2726 agnosoe,
1910 2664 2143 2726 possent
2177 2654 2378 2725 impel-

340 2750 475 2805 lere.
522 2741 668 2803 Huc'
695 2758 793 2803 tua
827 2751 1133 2805 accedebat
1166 2750 1429 2818 hortatiO,
1461 2770 1576 2806 non
1611 2750 1793 2822 magis
1820 2750 2153 2821 prudentiae
2185 2751 2371 2822 plena,

341 2863 510 2914 quam
537 2844 842 2912 fidelitatis,
874 2863 1017 2915 quae
1055 2846 1243 2909 omnia
1269 2856 1326 2900 et
1352 2847 1604 2917 ejusdem
1632 2848 1857 2919 generis
1885 2847 1993 2902 alia
2019 2864 2377 2918 summopere

339 2941 734 3008 hortabantur,
760 2949 825 2994 ut
850 2941 907 2994 id
934 2959 1219 3011 sequerer,
1245 2945 1395 3012 quod
1424 2951 1478 2998 te
1506 2943 1704 2998 fecisse
1726 2945 1991 3014 quodque
2012 2952 2073 2997 tu
2100 2942 2376 3014 optimum

340 3054 432 3092 me
459 3037 644 3090 facere
664 3035 961 3092 iudicares.
995 3039 1207 3092 Verum
1229 3038 1369 3092 aliae
1391 3038 1527 3092 mihi
1547 3035 1771 3109 praesto
1792 3049 1953 3095 erant
1974 3038 2373 3111 cogitationeS,

341 3150 486 3203 quae
523 3150 638 3186 non
673 3132 943 3187 mediocri
976 3151 1112 3187 cura
1140 3134 1387 3188 animum
1424 3154 1611 3191 meum
1647 3135 2032 3203 sollicitarent,
2064 3137 2135 3191 de
2171 3135 2378 3206 quibus

343 3236 397 3282 te
424 3245 539 3282 non
560 3227 774 3283 celabo.
801 3227 939 3283 Mihi
959 3229 1187 3298 quidem
1208 3239 1329 3285 erat
1349 3230 1609 3301 religioni
1631 3231 1953 3301 quicquam,
1979 3232 2156 3287 inscia
2175 3240 2376 3299 matre,

343 3323 414 3379 de
439 3323 690 3394 paternis
715 3323 881 3379 bonis
916 3333 1184 3381 statuere:
1223 3335 1516 3396 propterea
1545 3329 1695 3397 quod
1731 3345 1801 3381 ex
1835 3328 2086 3398 quinque
2116 3326 2383 3394 fratribus

341 3418 478 3472 mihi
514 3418 618 3473 soli
654 3419 942 3491 integrum
977 3439 1091 3474 non
1127 3410 1252 3477 esse
1291 3421 1590 3478 arbitrarer
1627 3424 1699 3479 de
1735 3424 1928 3494 patriis
1974 3424 2139 3492 bonis
2175 3422 2385 3495 agendi

430 3573 442 3597 ¹
505 3575 579 3618 Ex
602 3576 902 3634 autographo
924 3576 973 3620 in
997 3578 1094 3620 vol.
1119 3578 1176 3635 B,
1200 3577 1343 3634 unico
1365 3577 1500 3634 folio,
1524 3593 1573 3622 n.
1599 3590 1673 3635 24,
1699 3579 1831 3637 prius
1856 3591 1928 3637 57.

428 3650 445 3673 ²
508 3647 634 3693 Vide
665 3650 897 3708 epistolas
927 3650 1202 3709 superiores
1241 3650 1433 3696 Claudii
1469 3651 1530 3695 de
1563 3651 1832 3698 Coudretto
1870 3654 1930 3699 ad
1968 3654 2289 3710 Ludovicum‚
2330 3660 2381 3698 et

340 3720 484 3778 hujus
509 3722 569 3766 ad
593 3722 866 3768 Sabaudiae
890 3724 1066 3769 ducem
1089 3741 1136 3769 n.
1163 3725 1268 3783 298.
