2658 4296
1004 230 1177 274 INDEX
1207 240 1390 276 RERUM

177 351 287 408 Piz.
318 350 445 396 Vide
461 351 634 396 Perez.

178 425 369 484 Pliego,
387 423 732 479 sacerdotium,
749 421 857 481 788,
875 422 981 479 855.

179 499 387 559 Poggio,
409 500 642 558 Joannes,
671 496 936 542 cardinalis
959 503 1010 542 et
1031 498 1161 555 lega-

239 578 321 618 tus
341 569 587 630 pontificis
605 569 655 615 in
672 567 1160 628 Hispania,'Societa-

242 646 306 692 tis
328 646 573 704 columen,
605 643 809 703 ⁷13,-175>
837 641 912 699 18,
955 652 1031 701 57,
1056 643 1161 699 269,

242 731 347 777 290,
370 717 476 776 312,
499 717 607 776 346,
641 716 747 775 3473
781 723 951 762 contra
979 716 1165 761 archie-

239 792 494 853 piscopum
514 793 786 837 toletanum
808 797 972 850 partes
997 789 1164 835 Socie-

243 866 358 911 tatis
378 865 500 924 agit,
523 865 628 922 608,
654 865 762 924 610,
783 865 891 925 611,
914 865 1021 923 622,
1052 864 1162 921 624,

237 938 455 999 631-633,
476 938 584 998 639,
622 939 730 999 655,
768 939 875 998 660,
908 939 1016 995 6613
1036 937 1165 996 judi-

237 1019 376 1074 catur
413 1013 558 1058 nimis
602 1015 754 1058 multa
798 1012 1166 1072 archiepiscopo

239 1087 531 1146 concedere,
553 1088 641 1133 688
664 1096 715 1134 et
739 1103 898 1148 seqq,
928 1086 1034 1144 7533
1066 1088 1166 1132 lau-

239 1162 382 1207 datur
404 1164 466 1207 ab
484 1163 662 1222 Araoz,
680 1173 788 1222 777,
806 1162 913 1220 787,
931 1162 1038 1219 805,
1057 1161 1162 1219 820,

240 1237 345 1293 8473
376 1236 572 1281 desistit
606 1237 835 1295 Borgiam
871 1237 1165 1295 compellere

243 1317 299 1355 ut
318 1311 540 1368 galerum
569 1312 771 1355 rubrum
803 1310 1026 1369 accipiat,
1057 1310 1163 1368 848,

246 1385 354 1445 852,
377 1385 483 1430 880.

187 1458 400 1504 Polanco
421 1491 432 1514 ,
492 1459 773 1517 Alphonsus
814 1458 876 1502 de
899 1494 911 1516 ,
962 1464 1165 1517 patruus

246 1533 301 1581 P.
326 1533 556 1589 Polanco,
579 1543 685 1590 715.

186 1605 415 1665 Polanco,
434 1609 715 1667 Alphonsus
732 1607 813 1666 de,
831 1606 955 1652 alius
978 1622 1004 1652 3
1024 1621 1166 1666 supe-

251 1681 385 1738 riori,
409 1682 512 1727 826.

184 1762 414 1815 PolancO,
440 1758 582 1802 Anna
603 1757 683 1812 de,
702 1771 839 1802 soror
860 1757 915 1801 P.
935 1755 1165 1816 Pola'nco,

243 1837 385 1895 virgo
406 1836 515 1880 Deo
538 1847 693 1891 sacra,
715 1843 824 1891 714.

184 1912 415 1968 Polanco,
437 1906 654 1963 Beatrix,
676 1916 781 1964 715.

186 1986 417 2039 Polaneo,
460 1981 724 2027 Catharina
759 1980 839 2037 de,
878 1980 1020 2039 virgo
1062 1981 1168 2024 Deo

246 2061 548 2112 consecrata,
571 2064 678 2111 714.

187 2133 417 2186 Polanco,
441 2130 721 2175 Gonsalvus
743 2127 824 2184 de,
846 2127 952 2175 826.

189 2207 402 2252 Polanco
410 2241 421 2263 ‚
431 2202 700 2261 Gregorius
710 2201 771 2246 de
778 2237 789 2258 ,
799 2202 996 2259 genitor
1005 2203 1060 2247 P.
1079 2203 1169 2248 Po-

251 2281 411 2334 lanc0,
450 2289 524 2334 22,
564 2275 668 2335 573,
710 2275 818 2334 713,
847 2286 953 2334 7143
998 2280 1170 2323 morbo

250 2359 521 2412 correptus,
540 2352 620 2411 pie
637 2352 859 2410 moritur,
876 2352 983 2409 8243
1001 2367 1088 2412 pro
1112 2366 1171 2397 eo

250 2441 422 2486 preces
443 2426 688 2482 dicuntur,
710 2425 815 2471 836.

189 2501 419 2558 Polanco,
445 2500 714 2558 Gregorius
736 2500 817 2557 de,
840 2499 990 2545 frater
1006 2501 1062 2546 P.
1082 2502 1172 2546 Po-

249 2576 415 2632 131100,
454 2572 567 2630 573;
606 2573 890 2618 diuturnum
922 2574 1172 2620 silentium

250 2654 471 2693 excusat:
497 2647 693 2692 veniam
715 2647 778 2692 de
801 2648 974 2693 erratis
997 2648 1172 2708 poscit,

250 2732 334 2779 711
360 2728 412 2768 et
433 2717 590 2782 seqq.;
617 2736 734 2780 erga
751 2721 1051 2768 Societatem
1068 2723 1174 2782 ipse

254 2800 306 2839 et
326 2794 585 2854 propinqui
606 2795 900 2855 afficiuntur,
929 2795 1034 2853 835.

196 2868 426 2926 Polanco,
448 2868 509 2916 P..
536 2870 750 2927 Joannes
785 2870 1066 2929 Alphonsus
1093 2870 1174 2925 de,

257 2943 309 2988 S.
342 2944 409 3001 J.,
446 2942 741 2988 curriculum
777 2945 1051 3003 theologiae
1087 2945 1177 2989 Pa-

258 3015 380 3061 tavii
408 3015 620 3074 conficit,
651 3028 755 3075 2943
787 3017 994 3063 adversa
1022 3018 1178 3064 utitur

258 3089 559 3148 valetudine,
582 3088 687 3148 3943
713 3105 741 3135 3
763 3091 1014 3136 Ludovico
1042 3093 1176 3138 Men-

258 3163 379 3209 doza
396 3171 599 3209 vocatur
610 3164 779 3223 jocose
798 3167 859 3211 P.
884 3166 1051 3226 Cobos,
1069 3177 1173 3225 574;

256 3237 426 3297 quanti
448 3252 560 3282 eum
577 3237 763 3284 faceret
781 3239 914 3285 Stus.
935 3241 1174 3299 Ignatius,

254 3310 362 3368 680,
388 3309 492 3368 737,
518 3310 623 3368 7383
648 3313 896 3370 burgense
913 3314 1177 3372 collegium

253 3392 513 3443 promovet
534 3421 546 3444 ,
588 3385 703 3442 658;
754 3387 964 3445 Borgiae
1007 3388 1178 3433 scribit

256 3459 374 3519 quid
395 3459 501 3518 ipse
522 3461 704 3517 sentiat
725 3461 787 3506 de
808 3462 940 3508 illius
962 3463 1180 3508 cardina-

259 3533 379 3589 latu,
401 3543 507 3591 779,
530 3534 642 3590 780.
936 3572 938 3574 >

202 3606 435 3666 Polanco,
452 3606 730 3653 Ludovicus
746 3609 826 3665 de,
843 3608 994 3654 frater
1015 3609 1070 3654 P.
1091 3610 1181 3654 Po-

265 3682 423 3739 lanco,
460 3680 522 3726 de
562 3681 835 3728 florentinis
867 3683 1010 3728 300113
1053 3685 1181 3728 bene

269 3757 491 3818 meritus,
512 3771 619 3819 422,
635 3769 746 3818 715.

390 3847 628 3885 prsrotffl
652 3849 839 3895 ernss,
867 3859 962 3886 rou.
988 3858 1033 3886 u.

2130 245 2217 294 945

1250 348 1479 407 Polanco,
1503 352 1652 396 Maria
1674 353 1753 409 de,
1771 353 1870 399 filia
1889 354 2116 412 Gregorii
2137 354 2217 411 de,

1310 431 1413 478 715.

1252 495 1480 554 Polanco,
1501 500 1649 543 Maria
1673 500 1831 557 Anna,
1851 515 1972 545 uxor
1993 501 2220 560 Gregorii

1311 570 1391 628 de,
1413 582 1524 628 714.
1981 610 1984 613 Α

1254 643 1483 699 Polanco,
1526 644 1707 690 familia
1748 647 1827 706 de,
1858 650 2102 706 burgense
2125 650 2216 695 Sti.
2299 686 2302 689 .

1314 717 1503 762 Nicolai
1520 722 1754 778 templum
1774 724 1993 781 exornat,
2015 723 2123 769 826.

1255 791 1496 842 Pontan0,
1527 793 1592 836 M.
1625 793 1915 852 GulielmuS,
1947 798 2222 855 perusinus,

1314 862 1419 917 832,
1443 864 1655 921 870-872.

1256 937 1524 994 Pontanus,
1566 941 1894 997 Eleutherius,
1938 942 1990 987 S.
2034 945 2101 1001 J.,
2132 945 2227 989 Ro-

1315 1025 1442 1055 mam
1465 1012 1664 1056 Parisiis
1687 1014 1911 1073 mittitur,
1929 1016 2034 1060 686.

1256 1085 1414 1129 Ponte
1450 1085 1512 1129 de
1542 1086 1696 1142 Luna,
1721 1088 2034 1147 vice—comes,
2060 1100 2163 1147 407.

1256 1159 1476 1216 Porreta,
1500 1162 1675 1205 balnea
1697 1162 1746 1205 in
1769 1163 1926 1221 Italia,
1945 1153 2060 1220 591}

1256 1232 1559 1291 Portalegre,
1583 1235 1699 1278 urbs
1717 1235 1997 1280 Lusitaniae
2020 1244 2070 1282 et
2086 1238 2229 1283 sedes

1317 1307 1553 1366 episcopi,
1597 1317 1702 1366 595,
1747 1309 1850 1366 596;
1893 1310 1963 1354 ibi
1999 1311 2229 1356 sodalitas

1316 1379 1561 1439 instituta,
1583 1390 1666 1437 751
1682 1414 1693 1426 .

1257 1455 1405 1499 Porto
1443 1455 1664 1513 (Portus
1705 1455 1880 1513 Cale),
1919 1459 2034 1502 urbs
2063 1459 2232 1504 Portu-

1314 1529 1493 1588 galliae
1515 1529 1645 1574 unde
1667 1530 1780 1574 huic
1809 1546 2005 1588 nomen,
2027 1531 2135 1588 432.

1257 1604 1573 1662 Portugallia.
1599 1604 1725 1649 Vide
1748 1605 2019 1652 Lusitania.

1257 1680 1540 1737 Portugalo,
1559 1679 1853 1738 Fridericus,
1876 1681 1980 1725 820.

1258 1754 1437 1811 Povos,
1460 1767 1616 1812 pagus
1633 1753 1931 1811 Lusitaniae,
1952 1755 2053 1811 508.

1257 1828 1407 1886 Pozo,
1430 1828 1606 1872 Petrus
1629 1828 1726 1886 del,
1747 1828 1797 1873 S.
1823 1830 1873 1887 J.
1890 1866 1900 1887 ,
1918 1831 2107 1887 Burgos
2125 1830 2233 1875 mit-

1317 1901 1454 1959 titur,
1492 1901 1597 1958 6373
1642 1902 1802 1947 Pintia
1840 1910 2089 1960 evocatus,
2127 1905 2232 1963 658,

1317 1975 1425 2033 825,
1449 1975 1554 2020 826.

1259 2051 1466 2096 Praeses
1490 2051 1684 2096 consilii
1706 2053 1972 2098 Castellae.
2003 2054 2126 2098 Vide
2149 2055 2232 2098 Ni·

1319 2130 1383 2170 fio
1408 2126 1470 2171 de
1494 2126 1741 2172 Guevara.

1262 2200 1403 2257 Prat,
1446 2199 1748 2259 Gulielmus,
1788 2200 2044 2260 episcopus
2085 2204 2234 2247 clara-

1319 2280 1579 2319 montanus
1617 2274 1947 2333 (C'le'rmont),
1987 2276 2235 2320 studiosus

1321 2348 1582 2393 Societatis
1597 2384 1608 2406 ,
1646 2349 1757 2405 4603
1798 2349 1978 2393 nostris
2014 2350 2233 2408 impense

1320 2421 1474 2481 favet,
1496 2432 1602 2480 4973
1622 2423 1672 2466 in
1689 2422 1794 2480 ejus
1810 2422 2017 2480 gratiam
2034 2424 2234 2468 concedi

1320 2504 1486 2558 potest
1507 2504 1561 2542 ut
1582 2498 1757 2557 aliquis
1781 2504 2012 2542 externus
2033 2498 2094 2542 ad
2115 2504 2235 2542 tem-

1322 2587 1414 2632 pus
1435 2572 1565 2631 apud
1586 2586 1675 2616 nos
1691 2571 1983 2630 diversetur,
2006 2571 2110 2628 736.

1264 2647 1442 2704 PregO,
1466 2645 1711 2699 Nunnius,
1734 2644 1837 2689 716.

1264 2721 1500 2779 Princeps
1532 2720 1594 2764 de
1630 2719 1860 2763 Bisifiano
1886 2720 2234 2778 (Bisignano).

1326 2794 1453 2839 Vide
1475 2794 1648 2838 Petrus
1673 2793 1933 2838 Antonius.

1267 2870 1501 2928 Princeps
1523 2868 1584 2912 de
1615 2868 1777 2912 Eboli.
1814 2867 1937 2911 Vide
1966 2868 2235 2925 Ruigdmez

1327 2942 1390 2987 de
1407 2942 1558 2987 Silva.

1268 3017 1408 3062 Prior
1436 3017 1595 3061 Smae.
1630 3014 1898 3059 Trinitatis.
1939 3013 2064 3058 Vide
2094 3014 2235 3073 Lipo-

1329 3105 1489 3146 mano,
1516 3090 1752 3134 Andreas.

1270 3167 1454 3211 Prorex
1507 3163 1797 3220 Aragoniae.
1842 3161 1967 3205 Vide
2007 3162 2241 3205 Martinez

1329 3241 1390 3286 de
1413 3241 1566 3297 Luna,
1585 3252 1746 3282 comes
1764 3236 1824 3280 de
1844 3237 2242 3283 Morata.-—Cata-

1329 3315 1538 3360 launiae.
1580 3312 1703 3357 Vide
1750 3311 2031 3355 Fernandez
2067 3310 2241 3355 Manri-

1329 3403 1441 3449 que,
1466 3385 1677 3431 marchio
1695 3385 1756 3429 de
1775 3384 2239 3442 Aguilar.-Navar-

1329 3480 1428 3509 rae.
1454 3463 1578 3507 Vide
1596 3458 2106 3510 Cardenas.-Cueva,
2131 3459 2240 3502 Bel·

1331 3533 1831 3592 tranus.-Neapolis.
1875 3531 1999 3575 Vide
2035 3531 2237 3585 Toledo,

1276 3607 1280 3610 ⁴
1331 3612 1506 3656 Petrus
1515 3605 1869 3653 de.-Siciliae.
1886 3604 2011 3647 Vide
2022 3604 2239 3660 Vega.—

1331 3684 1605 3730 Valentiae.
1649 3680 1775 3725 Vide
1813 3680 2032 3736 Aragdn,
2077 3678 2116 3721 F
2118 3676 2239 3721 erdi-

1331 3757 1520 3804 nandus
1532 3790 1542 3801 .
1554 3753 1858 3800 —Cardenas
1869 3786 1879 3796 .

1971 3839 2016 3873 60
