2658 4296
1073 215 1103 261 9
1128 202 1373 254 AUGUSTI
1403 210 1519 266 1550
2222 220 2311 266 427

279 329 491 396 Semel,
521 346 698 399 quum
724 329 962 391 Lovanii
987 329 1387 396 diversaretur,
1407 329 1602 391 verius
1626 347 1797 402 quam
1821 332 2098 392 habitaret
2112 334 2314 408 (citius

282 424 434 483 enim
467 424 668 485 solitus
690 434 821 482 erat
852 435 1109 503 repetere
1139 443 1303 485 suam
1336 425 1616 499 patriam),
1650 425 1815 484 nobis
1848 429 1954 484 fuit
1985 429 2044 484 in
2076 431 2316 502 prandio

286 519 546 577 conviva:
575 521 734 578 visus
759 530 848 597 est
871 521 1009 582 mihi
1032 521 1121 593 vir
1152 521 1348 588 comis,
1372 540 1596 593 magna
1626 521 1982 593 simplicitate
2014 543 2081 581 ac
2113 528 2314 584 mode-

287 617 398 674 stia
420 617 779 696 venerabilis.
809 618 999 678 Finito
1019 617 1279 693 prandiO,
1308 635 1400 674 me
1422 625 1788 690 percontatus
1814 628 1900 678 est
1930 631 2120 677 noster
2152 624 2315 679 Gau-

286 714 490 782 danus,
517 714 658 789 ¹quid
681 715 755 775 ,de
779 714 980 789 lingua
997 714 1093 773 ‘sui
1113 713 1473 771 conterranei
1506 731 1818 786 censerem,
1853 717 2049 773 volens
2080 719 2318 777 fortasse

286 827 392 869 nos
425 810 589 867 fateri
633 810 755 883 pari
784 809 1111 883 eloquentia
1143 809 1370 870 audisse
1401 809 1792 883 paucissimos.
1829 813 1995 869 Tune
2028 814 2313 884 temporie,

285 906 372 963 uti
398 907 655 966 ferebant
681 906 770 963 sui
794 906 1067 975 bollandi,
1089 906 1418 965 continebat
1434 905 1580 963 sein
1598 905 1865 961 cubiculo
1884 910 2163 964 conducto
2184 910 2320 964 soli—-

287 1002 484 1071 tarius,
515 1023 550 1059 a
573 1022 689 1074 quo
714 1003 810 1059 vix
836 1021 1087 1075 unquam
1111 1004 1432 1060 recedebat:
1463 1003 1546 1058 sic
1572 1003 1846 1075 pertinaci
1878 1004 2066 1061 studio
2098 1005 2322 1062 incum-

284 1101 459 1161 bebat
482 1099 713 1159 lectioni
736 1108 1064 1156 sanctorum
1091 1108 1334 1172 patrum,
1365 1108 1424 1157 et
1441 1099 1686 1156 maxime
1703 1099 1856 1157 beati
1878 1100 2208 1172 Augustini.
2233 1103 2326 1157 Ne

288 1196 426 1268 quid
457 1196 627 1252 etiam
670 1195 950 1268 dispendii
993 1214 1099 1253 sua
1142 1196 1332 1256 studia
1374 1195 1745 1264 sustinerent,
1792 1196 1948 1255 victu
1995 1197 2323 1254 tenuissimo

292 1293 574 1349 utebatur.
619 1291 935 1353 Verisimile
969 1300 1056 1348 est
1089 1292 1399 1360 hominem,
1437 1300 1642 1348 natura
1668 1291 2168 1360 studiosissimum,
2210 1312 2326 1351 non

290 1407 488 1463 parum
514 1388 867 1461 promovisse
891 1388 952 1445 in
975 1387 1154 1447 literis
1171 1389 1367 1458 sacriS,
1390 1388 1599 1460 quibus
1623 1389 1736 1446 iam
1753 1389 1949 1446 multis
1973 1389 2156 1457 annis,
2185 1390 2333 1448 liber

290 1486 365 1540 ab
390 1485 544 1540 omni
570 1484 809 1557 strepitu
835 1493 893 1558 et
918 1484 1072 1540 curis
1096 1485 1385 1557 docendae
1404 1485 1748 1556 juventutiS,
1778 1485 1963 1557 potuit
1988 1495 2141 1542 totus
2167 1486 2327 1543 insu—

290 1582 475 1638 dasse.
505 1580 759 1637 Dubium
785 1599 902 1636 non
927 1589 1016 1636 est
1041 1580 1181 1651 quin
1206 1582 1417 1637 multos
1442 1581 1661 1637 exsuis
1684 1582 1819 1637 olim
1844 1582 2134 1654 discipulis
2157 1582 2231 1638 sit
2257 1584 2328 1638 ad
2373 1630 2376 1634 ,

288 1677 580 1734 Christum
607 1686 1016 1749 pertracturuS,
1047 1680 1172 1734 Deo
1198 1678 1354 1733 intus
1381 1678 1600 1749 animos
1622 1678 1922 1735 excitante.

403 1773 765 1830 Periucunda
790 1774 960 1830 etiam
993 1774 1158 1830 nobis
1185 1774 1385 1830 auditu
1417 1776 1594 1831 refers
1627 1776 1700 1830 de
1734 1777 1858 1832 zelo
1897 1776 2074 1831 nostri
2101 1776 2330 1843 ,Nicolai

289 1870 556 1928 Gaudani
581 1880 640 1927 et
671 1871 811 1926 socii
843 1871 968 1927 eius
1002 1872 1244 1927 Arnoldi
1283 1875 1320 1939 ¹,
1359 1891 1601 1943 quorum
1634 1873 1838 1931 ardore
1862 1874 2167 1928 multorum
2192 1875 2331 1928 cha—

291 1967 515 2025 ritatem
561 1986 865 2025 accensum
907 1968 977 2022 iri
1023 1987 1140 2023 non
1173 1969 1518 2025 dubitamus.
1557 1969 1737 2026 Dabis
1771 1988 1937 2042 porro
1970 1988 2216 2041 operam,
2253 1969 2330 2024 mi

293 2065 486 2134 frater,
517 2073 582 2119 ut
607 2066 679 2120 de
704 2082 976 2122 successu
1006 2067 1335 2122 eorumdem
1371 2067 1609 2121 fratrum
1643 2066 1919 2133 VenetiiS,
1957 2067 2329 2136 aliorumque,

293 2161 414 2217 sive
440 2161 539 2233 qui
565 2161 838 2218 Coloniae
863 2170 922 2216 et
954 2162 1214 2231 Louanii,
1250 2162 1371 2218 sive
1404 2163 1503 2233 qui
1540 2163 1707 2220 isthic
1745 2174 1946 2235 agunt,
1988 2181 2091 2218 nos
2129 2163 2333 2219 reddas

295 2258 458 2315 brevi
483 2251 775 2327 certiores;
814 2257 873 2313 id
906 2259 1056 2316 enim
1091 2259 1261 2316 etiam
1292 2280 1364 2316 ex
1398 2270 1464 2333 te,
1488 2279 1847 2333 summopere
1879 2261 2127 2333 postulat
2162 2262 2336 2315 Pater

294 2363 507 2422 noster,
535 2357 721 2410 DnuS.
754 2354 1160 2426 HieronmeS,
1193 2355 1408 2428 tibique
1427 2358 1500 2412 ab
1521 2357 1755 2428 antiquo
1775 2357 2120 2413 familiariter
2139 2363 2332 2421 notu5,

293 2451 388 2507 cui
414 2470 531 2506 non
558 2451 719 2506 ocius
745 2469 959 2506 morem
986 2470 1206 2524 gerere,
1237 2462 1326 2509 sat
1351 2453 1470 2508 scio
1496 2454 1657 2510 nefas
1683 2453 2053 2509 existimares

403 2548 632 2606 Scribes
656 2547 803 2603 inter
830 2557 1056 2606 caetera
1081 2550 1153 2604 de
1179 2568 1487 2621 progressu
1514 2569 1704 2607 rerum
1738 2550 1890 2606 illius
1916 2550 2049 2606 Dni.
2091 2548 2335 2620 Philippi

292 2644 618 2722 brugensiS,
647 2662 817 2715 quem
844 2646 1062 2699 nudum
1090 2666 1122 2702 e
1150 2646 1333 2717 patria
1366 2649 1604 2703 Romam
1638 2647 1866 2704 venisse
1899 2647 2208 2711 asserebaS,
2245 2644 2334 2698 di-

292 2740 467 2797 misso
491 2740 758 2796 nimirum
782 2759 889 2796 suo
913 2751 1240 2813 personatu,
1271 2743 1691 2815 divenditisque
1724 2743 1988 2798 omnibus
2021 2741 2139 2796 suis
2170 2740 2336 2795 bonis

294 2846 354 2893 et
379 2837 439 2892 in
463 2856 777 2909 pauperum
805 2856 972 2892 usum
998 2838 1335 2894 distributis.
1365 2842 1479 2896 Det
1505 2839 1585 2893 illi
1611 2839 1891 2895 Dominus
1910 2841 2121 2894 donum
2141 2855 2333 2908 perse-

297 2934 604 2989 verantiae.
637 2934 921 3005 Cuperem
948 2934 1092 2990 scire
1120 2954 1193 2990 an
1212 2935 1541 2990 Ludovicus
1560 2936 1655 2993 ille
1674 2935 1973 3002 lusitanus,
1999 2953 2165 3004 quem
2186 2951 2334 2987 anno

297 3030 572 3103 superiori
598 3030 658 3084 in
682 3029 947 3101 hospitali
973 3019 1373 3086 consolationis
1400 3032 1686 3086 infirmum
1712 3042 1770 3087 et
1804 3033 2167 3103 languentem
2202 3028 2335 3084 reli-

298 3126 546 3196 quimus,
576 3127 949 3195 convaluerit,
979 3146 1052 3182 an
1078 3127 1157 3182 ibi
1189 3129 1283 3184 vel
1316 3127 1450 3183 alibi
1484 3128 1606 3184 dies
1640 3147 1775 3183 suos
1808 3127 2032 3183 finierit.
2073 3128 2155 3180 Eo
2190 3134 2333 3178 tem-

295 3241 452 3294 pore,
483 3223 648 3278 nobis
672 3223 937 3281 videlicet
964 3227 1144 3279 Roma
1168 3225 1642 3296 digredientibUS,
1674 3225 2026 3280 ministrabat
2052 3223 2110 3277 in
2136 3223 2334 3278 eodem

295 3320 650 3376 xenodochio
676 3320 904 3390 quidam
931 3305 1261 3378 adolescens
1287 3321 1518 3377 nomine
1544 3323 1784 3378 Ioannes
1811 3322 1830 3348 ²
1854 3320 2125 3391 Baptista,
2157 3316 2336 3388 patria

388 3580 404 3606 ¹
467 3577 675 3622 Videtur
715 3577 796 3635 agi
836 3578 897 3622 de
941 3577 1158 3623 Arnoldo
1200 3579 1384 3635 Hezio,
1429 3577 1653 3623 Venetiis
1695 3584 1811 3621 tunc
1853 3576 2084 3633 degente.
2137 3574 2342 3617 POLAN·

296 3662 419 3712 CUS,
442 3658 483 3696 t.
511 3663 565 3708 11,
586 3666 704 3711 pag.
732 3651 811 3715 63,
832 3659 998 3697 annot.
1028 3664 1069 3697 1.

388 3729 406 3754 ²
469 3727 564 3772 Ms.
585 3725 822 3785 praefert:
849 3728 917 3772 ἱᾶ.
