2658 4296
1115 266 1175 316 30
1208 267 1352 329 Jumr
1386 278 1502 327 1550
2234 281 2329 343 413

282 395 386 467 qui
408 394 547 452 dicti
573 395 899 454 monasterii
925 413 1119 452 cura-m
1140 403 1427 467 gererent.
1459 395 1686 466 Quibus
1705 399 1894 455 verbis
1919 402 2159 459 latenter
2184 405 2327 462 insi-

282 491 505 560 nuauit,
544 491 679 548 solis
711 491 990 564 religiosis
1034 490 1336 549 Societatis
1380 500 1608 547 nostrae
1650 493 1974 564 hujusmodi
2018 501 2324 572 negocium

276 588 634 646 confidenter
658 607 721 645 se
742 587 1199 654 commissurum,
1221 586 1356 643 hinc
1381 589 1776 644 commendata
1801 591 1909 645 loci
1930 593 2319 665 dispositione,

282 702 543 741 asserens
569 693 743 740 totam
770 684 1063 757 regionem
1083 682 1429 755 aptissimam
1448 703 1576 741 esse
1594 685 1668 739 ad
1687 686 2108 758 suscipiendum
2128 711 2322 749 semen

281 781 702 853 euangelicum,
732 790 790 839 et
817 781 864 836 si
890 799 1005 837 non
1039 789 1261 852 aperte,
1281 782 1390 835 sub
1427 780 1767 851 quibusdam
1809 791 1996 839 tamen
2021 789 2323 845 verborum

280 876 592 933 inuolucris
643 879 930 933 doctorem
981 876 1227 948 rogauit,
1274 885 1338 930 vt
1388 878 1536 931 hanc
1588 877 1899 948 susciperet
1950 883 2320 954 prouinciam,

282 991 472 1044 quam,
521 982 584 1028 vt
614 993 732 1029 non
766 973 1112 1045 acceptauit,
1146 972 1230 1028 sic
1264 986 1371 1028 nec
1403 972 1635 1028 omnino
1670 974 1959 1030 refutauit.
2000 979 2319 1049 PostremO,

279 1069 391 1126 iam
411 1070 522 1125 iam
542 1070 915 1136 discessuruS,
929 1070 1128 1124 doctor
1147 1068 1494 1141 significauit
1511 1069 1590 1124 illi
1610 1089 1729 1125 rem
1748 1072 1873 1126 Deo
1893 1081 2114 1142 gratam
2136 1076 2323 1131 factu—

279 1185 427 1235 rum,
457 1166 505 1222 si
525 1166 740 1237 aliquot
759 1166 1044 1221 scholares
1063 1165 1198 1220 huic
1219 1164 1492 1222 Societati
1512 1165 1824 1221 destinatos
1843 1168 2038 1236 aleret,
2064 1174 2323 1240 quando-

279 1263 508 1334 quidem
536 1271 594 1319 et
619 1281 755 1318 suos
779 1263 1016 1318 haberet
1042 1262 1301 1317 alumnos
1327 1262 1634 1334 Compluti.
1667 1262 1777 1319 Cui
1803 1263 1896 1320 ille
1922 1267 2232 1337 respondit,
2263 1269 2322 1324 in

279 1360 467 1417 reditu
513 1359 797 1432 (cupiebat
842 1357 992 1413 enim
1026 1367 1085 1412 et
1118 1359 1382 1429 sperabat
1426 1361 1655 1415 Patrem
1691 1361 1953 1415 Toletum
1989 1361 2322 1437 rediturum)

278 1459 387 1512 hac
412 1457 485 1512 de
509 1475 573 1513 re
598 1474 915 1512 sermonem
950 1454 1218 1512 fusiorem
1253 1456 1325 1510 ad
1350 1455 1595 1511 inuicem
1622 1456 1935 1513 habituros
1966 1458 2140 1515 Dedit
2173 1459 2321 1515 nihi-

277 1553 525 1608 lominus
570 1551 840 1610 tredecim
874 1570 1078 1610 aureos
1122 1551 1181 1606 in
1227 1553 1490 1609 leuamen
1522 1553 1758 1608 itineriS.
1797 1555 1959 1610 Haec
2004 1565 2140 1610 sunt
2174 1575 2326 1628 quae

277 1649 429 1715 circa
452 1651 769 1722 praesulem
797 1650 1109 1706 toletanum
1142 1657 1201 1705 et
1235 1658 1479 1717 caetera,
1510 1668 1656 1721 quae
1682 1649 1761 1705 ibi
1788 1660 1952 1723 gesta
1986 1662 2140 1720 sunt,
2179 1654 2319 1709 scri-

277 1747 465 1804 benda
489 1746 849 1803 videbantur.

386 1842 672 1915 Quoniam
699 1851 890 1898 autem
916 1861 1018 1914 per
1043 1843 1260 1915 priores
1286 1843 1479 1900 literas
1502 1845 1629 1899 fuse
1653 1844 1792 1900 satis
1818 1845 2019 1918 scripsi
2045 1846 2116 1901 de
2136 1847 2321 1902 omni-

274 1942 384 1996 bus
417 1939 526 2007 his,
565 1958 712 2010 quae
738 1939 1018 1995 Dominus
1055 1939 1327 2012 dignatur
1354 1940 1595 2011 operari,
1626 1950 1919 2013 assumpto
1956 1961 2060 2014 pro
2106 1941 2325 1999 instru-

257 2034 466 2093 mento
501 2036 734 2092 doctore
768 2046 984 2106 nostrO,
1022 2055 1139 2093 non
1171 2036 1264 2092 hic
1304 2056 1372 2094 ea
1403 2036 1611 2093 iterum
1656 2039 1985 2106 recensebO,
2035 2058 2109 2096 ne
2155 2039 2323 2095 nimis

274 2133 559 2205 frequenti
610 2152 798 2190 rerum
842 2135 1153 2191 earundem
1180 2134 1518 2205 repetitione
1551 2134 1754 2191 merito
1795 2136 2068 2191 molestus
2101 2135 2316 2192 videar.

275 2230 559 2288 Exercitia
581 2249 650 2286 ac
676 2231 864 2286 studia
889 2230 1201 2302 spiritualia
1226 2231 1391 2286 solita
1408 2231 1469 2285 in
1495 2231 1616 2287 dies
1633 2241 1942 2304 augentur,
1968 2232 2319 2290 auxiliatrice

275 2327 486 2400 gratia3
516 2346 622 2383 nec
647 2346 897 2398 vnquam
923 2328 1132 2383 desunt
1151 2328 1277 2399 piae
1303 2345 1370 2382 ac
1396 2337 1627 2384 sanctae
1653 2322 2080 2400 occupationes,
2111 2329 2320 2401 quibus

273 2424 660 2497 proximorum
695 2423 1032 2479 vtilitatibus
1066 2422 1315 2495 impendi
1350 2433 1543 2495 posset
1580 2443 1772 2496 opera,
1809 2424 1857 2479 si
1896 2426 2089 2496 plures
2128 2434 2325 2481 essent

272 2521 532 2595 operarii.

384 2621 555 2674 Pater
592 2619 809 2684 doctor,
858 2626 1084 2689 praeter
1116 2617 1279 2673 binas
1322 2617 1615 2684 lectioneS,
1665 2636 1806 2689 quas
1850 2618 2003 2673 domi
2050 2619 2317 2674 fratribus

272 2714 569 2787 praelegit,
589 2715 822 2770 alteram
842 2713 1064 2786 logicis,
1089 2715 1322 2770 alteram
1341 2715 1761 2770 confessoribus
1781 2715 2116 2771 summulam
2139 2714 2315 2771 Gaiea

272 2811 390 2867 tani
421 2813 459 2878 ¹,
490 2829 781 2881 nunquam
800 2829 915 2865 non
941 2819 1253 2882 occupatur
1273 2809 1563 2866 charitatis
1589 2811 1874 2882 operibus,
1902 2820 2022 2865 tum
2049 2810 2317 2882 pauperi-

271 2908 383 2963 bus
408 2916 718 2964 et*carcere
744 2906 978 2962 inclusis
1002 2906 1427 2978 patrocinandO,
1455 2915 1574 2960 tum
1588 2906 1898 2977 judicibus,
1924 2909 2075 2977 quod
2093 2907 2315 2978 justum

272 3012 381 3071 est,
411 3004 782 3070 consulendO,
815 3011 936 3058 tum
962 3003 1131 3059 etiam
1157 3021 1384 3074 operam
1412 3004 1600 3057 dando
1620 3013 1682 3057 vt
1706 3002 2024 3069 interdicta,
2051 3021 2196 3074 quae
2222 3003 2314 3056 hic

273 3098 728 3170 frequentissima
754 3108 907 3166 sunt,
939 3100 1286 3155 auferantur.
1318 3098 1501 3154 Audit
1527 3107 1585 3154 et
1610 3118 1725 3154 non
1752 3118 1878 3153 raro
1904 3098 2309 3164 confessioneS,

273 3214 484 3266 easque
510 3197 734 3261 arduaS,
758 3204 820 3249 vt
840 3204 975 3249 sunt
993 3195 1236 3262 illorum,
1268 3195 1365 3266 qui
1392 3195 1767 3252 conscientias
1785 3197 1997 3250 habent
2023 3194 2312 3248 intricatas

273 3292 548 3364 grauibus
569 3290 720 3346 curis
747 3300 805 3347 et
825 3291 1070 3363 negotiis
1096 3293 1266 3363 hujus
1292 3292 1506 3349 saeculi
1531 3310 1796 3362 nequam.
1828 3294 2055 3347 Fratres
2081 3306 2311 3360 quoque

271 3387 568 3443 domestici
613 3387 731 3443 suis
776 3397 911 3445 sunt
956 3387 1159 3443 intenti
1204 3388 1405 3443 studiis
1452 3406 1516 3443 ac
1562 3388 1844 3445 exercitiis
1892 3396 2004 3441 tam
2050 3384 2309 3441 literariis

364 3643 379 3669 ¹
445 3641 685 3684 «Thomas
706 3640 768 3685 de
789 3640 939 3685 Vio...
964 3640 1117 3685 edidit
1136 3654 1352 3699 quoque:
1382 3641 1645 3684 Summam
1667 3641 1728 3684 de
1748 3639 1956 3685 casibus,
1988 3651 2014 3680 e
2045 3649 2132 3680 sua
2154 3634 2309 3692 patria

276 3713 577 3760 Caietanam
600 3714 798 3772 dictam,
816 3714 1209 3774 compendiosam
1225 3729 1282 3758 ac
1303 3716 1583 3771 resolutam,
1603 3721 1847 3773 tamquam
1865 3709 2142 3756 memoriale
2159 3706 2308 3767 quod-

272 3789 385 3834 dam
405 3803 492 3848 pro
514 3787 720 3852 doctis.»
745 3788 1062 3846 ALTAMURA,
1093 3789 1397 3833 Bibliotheca
1418 3789 1760 3840 domimbana,
1784 3801 1894 3846 pag.
1920 3785 2021 3829 260.
