2658 4296
1092 262 1255 307 Roma.
1267 295 1296 306 ..
1335 273 1448 320 1550
2195 268 2281 326 345

351 393 421 463 Je
440 408 583 445 vous
610 389 697 444 dis
724 410 757 446 a
782 389 952 456 Dieu‚
983 408 1117 444 mon
1144 398 1258 445 tres
1284 391 1609 456 souuerain,
1636 399 1750 446 tres
1771 394 2063 460 redoubte,
2089 404 2146 451 et
2169 404 2283 452 tres

242 505 413 558 ayme
463 486 772 558 Seigneur,
822 492 913 541 m'e
965 486 1370 542 recomandant
1415 495 1531 542 tres
1575 488 1963 543 humblement
2008 510 2041 544 a
2092 500 2282 546 vostre

248 585 438 638 bonne
464 601 655 654 grace,
686 592 745 638 et
770 585 1011 654 baysant
1037 590 1257 637 vostres
1283 582 1465 636 mains
1485 582 1782 653 benignes.

362 680 448 732 En
477 681 731 734 Romme.

471 777 541 829 D.
576 777 648 830 V.
681 777 746 830 E.
780 785 894 831 tres
921 776 1152 831 humble
1177 774 1399 830 subietz
1420 794 1494 831 en
1512 777 1683 847 Jesus
1711 777 1921 830 Christ.

1230 868 1583 946 L[UDOVIco]
1621 869 1740 946 D[E]
1781 872 2129 949 C[oDRETo].
2195 919 2200 925 ,

360 970 433 1021 In
461 969 708 1039 quadam
735 969 1018 1034 schedula,
1044 986 1225 1022 manu
1252 970 1437 1039 ipsius
1463 970 1538 1023 P.
1563 969 1839 1022 Ludovici
1865 977 2122 1038 exarata,
2150 977 2284 1025 sunt

246 1065 314 1117 in
340 1066 523 1118 altera
539 1069 709 1136 parte
734 1083 936 1119 versus
963 1066 1145 1135 aliqui
1164 1082 1364 1119 sacrae
1385 1066 1723 1135 scripturae,
1744 1066 1808 1118 iri
1829 1066 2010 1118 altera
2030 1084 2160 1120 vero
2181 1068 2285 1120 ad-

247 1162 512 1215 versaria
536 1162 876 1234 fragmenti
907 1162 1295 1232 praecedentis
1327 1162 1590 1233 epistolae
1625 1162 1800 1215 latine
1836 1163 2105 1228 redditae,
2142 1165 2286 1233 quod

249 1255 340 1329 liic
360 1258 742 1311 transcribere
753 1259 990 1329 placuit:
1017 1257 1054 1330 -Ι-
1076 1266 1267 1314 tamen
1288 1267 1403 1312 tam
1424 1257 1618 1312 multis
1634 1257 1982 1326 ciuitatibus,
2007 1268 2118 1314 tam
2141 1260 2285 1314 mul-

245 1352 320 1408 tis
338 1353 705 1425 principibuS,
725 1356 877 1424 quod
898 1363 1058 1409 tanta
1076 1373 1207 1409 cum
1230 1354 1473 1410 utilitate
1494 1353 1628 1408 viris
1647 1353 1819 1408 huius
1837 1354 2137 1410 Societatis
2159 1374 2288 1425 per—

252 1450 538 1517 fruuntur,
569 1469 708 1507 suae
735 1470 871 1508 vero
898 1451 1126 1523 penitus
1153 1451 1291 1523 ipsis
1317 1459 1566 1507 careant.
1593 1451 1790 1520 Itaque
1811 1469 1980 1520 quam
2008 1469 2126 1506 rem
2155 1451 2290 1506 mihi

243 1546 589 1602 desiderium
619 1548 699 1619 tuj
723 1548 782 1602 in
801 1558 1049 1605 mentem
1069 1547 1283 1615 iniecit,
1313 1548 1541 1618 decreuj
1564 1548 1723 1618 breuj
1748 1548 1820 1602 ad
1840 1556 1898 1603 te
1918 1547 2284 1617 perscribere.

246 1644 477 1714 Operae
528 1644 781 1715 precium
826 1647 1110 1700 facturum
1157 1654 1214 1699 te
1258 1644 1497 1713 scilicet,
1548 1644 1596 1698 si
1641 1644 1946 1715 collegium
1991 1643 2291 1700 Societatis

243 1739 427 1810 ipsius
453 1740 680 1810 aliquod
713 1741 773 1795 in
807 1760 922 1796 una
947 1741 1243 1796 ciuitatum
1272 1751 1498 1796 tuarum
1525 1741 1733 1811 aliqua,
1763 1749 1965 1812 utpote
1992 1739 2286 1805 Vercellis,

250 1837 345 1892 uel
370 1837 683 1907 Ipocediae,
715 1839 809 1894 uel
837 1840 1126 1910 Auguste,
1152 1848 1288 1905 etc.,
1314 1838 1660 1895 institueres.
1694 1840 1821 1892 Hoc
1849 1838 1951 1891 tibi
1971 1856 2096 1892 esse
2118 1836 2290 1890 facili-

247 1950 425 1987 mum:
475 1933 616 1987 nihil
648 1934 797 1990 enim
837 1934 991 1990 aliud
1024 1935 1307 2007 oportebit
1341 1944 1614 2007 praesteS,
1656 1943 1881 2006 praeter
1916 1935 2287 2000 uoluntatem;

244 2046 415 2099 quae,
446 2029 494 2083 si
529 2031 601 2084 ad
636 2040 855 2086 tantum
893 2033 1105 2086 bonum
1139 2033 1387 2087 adducta
1420 2032 1609 2098 fuerit,
1643 2032 1806 2087 facile
1834 2030 2039 2102 poterit
2073 2030 2286 2086 benefi-

244 2125 401 2180 cium
430 2127 659 2196 aliquod
687 2137 786 2181 aut
812 2129 1003 2183 locum
1037 2128 1097 2183 in
1131 2139 1357 2184 tuarum
1391 2130 1688 2185 ciuitatum
1716 2130 1922 2198 aliqua,
1954 2146 2069 2182 non
2095 2128 2292 2182 admo-

245 2224 388 2277 dum
421 2223 759 2292 habitatum,
799 2225 932 2279 huic
965 2225 1047 2282 rei
1080 2226 1381 2297 applicare.
1422 2228 1589 2297 Quae
1627 2234 1875 2296 quantae
1902 2225 2004 2278 tibi
2038 2223 2287 2290 utilitati,

246 2328 463 2390 quanto
496 2321 716 2388 solatiO,
747 2305 962 2392 quanto
996 2323 1202 2378 honori
1230 2324 1422 2378 futura
1454 2323 1547 2392 sit,
1574 2340 1670 2380 'res
1703 2324 1825 2394 ipsa
1850 2321 2072 2393 plenius
2099 2329 2292 2376 osten-

243 2417 368 2485 det,
394 2435 562 2487 quam
592 2427 654 2472 tu
675 2437 871 2490 posses
896 2420 1248 2491 cogitatione
1273 2421 1590 2492 complecti.
1622 2423 1768 2476 Nam
1798 2418 2100 2490 collegium
2121 2418 2291 2472 habe-

251 2513 339 2568 bis
371 2513 623 2569 scientiis
650 2524 708 2571 et
736 2516 1045 2571 uirtutibus
1078 2518 1330 2588 plenum,
1362 2526 1420 2571 et
1447 2517 1755 2588 discipulos
1782 2517 1991 2570 multos
2018 2514 2291 2570 exhibens

242 2610 459 2681 optime
485 2611 797 2667 institutos
830 2615 996 2684 Quae
1031 2633 1147 2680 reS,
1175 2633 1344 2684 quam
1372 2615 1621 2684 optanda
1647 2613 1740 2680 sit,
1772 2614 1865 2668 uel
1893 2632 1963 2668 ex
1997 2629 2065 2665 eo
2090 2608 2289 2678 coniicj

248 2715 457 2777 potest,
489 2709 642 2777 quod
668 2710 759 2764 vel
783 2728 933 2765 vnus
959 2710 1042 2765 sic
1074 2712 1223 2767 bene
1249 2711 1566 2777 institutuS,
1599 2710 1706 2765 toti
1734 2708 1969 2774 ciuitati,
1996 2708 2089 2763 uel
2115 2704 2290 2776 pluri-

250 2804 359 2858 bus
406 2804 576 2860 etiam
621 2805 969 2874 ciuitatibus,
1018 2808 1323 2879 plurimum
1369 2809 1639 2880 prodesse
1682 2814 1887 2877 potest.
1941 2803 2290 2858 Permultum

245 2899 421 2956 etiam
446 2911 759 2972 prouentus
787 2905 859 2958 ad
883 2905 1125 2960 salutem
1154 2914 1309 2960 tuam
1331 2924 1398 2960 ac
1426 2914 1651 2960 tuorum
1679 2922 1749 2958 ex
1776 2897 2292 2973 praedicationibus

246 2997 619 3068 doctrinaque
636 3008 703 3071 ,et
730 3002 987 3072 exemplo
1013 3001 1264 3056 virorum
1286 3001 1482 3056 talium
1504 3008 1808 3065 accrescet,
1834 2999 2083 3065 fientque
2104 2991 2291 3063 quoti-

248 3093 346 3147 die
366 3094 550 3165 magis
570 3096 783 3150 subditi
805 3097 885 3167 tuj
909 3107 967 3151 et
986 3097 1044 3151 in
1065 3100 1254 3154 Deum
1275 3098 1544 3169 religiosi,
1570 3106 1627 3151 et
1647 3096 1706 3151 in
1722 3105 1778 3150 te
1798 3094 1870 3165 pij
1883 3136 1894 3147 .
1917 3093 2032 3148 Sed
2047 3097 2290 3160 quantae

252 3189 353 3260 tibj
383 3190 742 3260 iucunditati,
774 3203 988 3263 quanto
1022 3194 1225 3248 honori
1258 3197 1368 3248 hoc
1400 3193 1528 3259 erit,
1559 3211 1622 3247 se
1649 3202 1706 3249 et
1732 3190 2045 3246 studiorum
2074 3183 2289 3239 exerci—

251 3285 396 3340 tium
422 3296 481 3343 et
507 3288 703 3343 talium
737 3289 1133 3361 religiosorum
1167 3290 1470 3362 collegium
1493 3289 1826 3353 instituisse,
1858 3285 2006 3355 quod
2034 3299 2288 3352 praeser-

253 3381 355 3437 tim
402 3384 656 3438 fut'urum
696 3385 788 3452 sit,
839 3404 954 3440 non
986 3387 1170 3441 solum
1215 3386 1309 3441 hic
1343 3386 1402 3440 in
1431 3395 1580 3440 terra
1612 3385 1671 3438 in
1708 3384 1787 3453 tuj
1818 3378 2140 3436 memoriam
2162 3394 2290 3446 per-

253 3488 503 3551 petuam,
533 3499 731 3536 verum
776 3481 836 3536 in
881 3483 1040 3537 coelo
1077 3482 1136 3537 in
1164 3492 1319 3537 tuam
1353 3483 1594 3538 salutern
1621 3490 1679 3536 et
1713 3478 1950 3551 gloriam
1994 3472 2290 3543 sempiter-

252 3594 405 3632 nam.
859 3581 862 3584 ’

366 3675 529 3741 Vale,
559 3675 676 3728 dux
704 3674 935 3746 optime,
968 3684 1026 3732 et
1052 3676 1533 3741 christianissime,
1563 3683 1621 3728 et
1647 3693 1757 3738 me,
1789 3673 2041 3734 obsecrO,
2067 3684 2210 3721 ama.

373 3770 517 3823 Cum
543 3774 847 3841 utrumque
874 3773 1182 3842 exemplar,
1208 3773 1403 3826 multis
1423 3768 1901 3824 emendationibus
1928 3764 2289 3834 castigatum,
