2618 4152
343 164 401 198 22
1159 161 1230 194 AD
1260 160 1542 194 LECTOREM

342 278 681 349 praestiterit
709 279 795 349 (18
826 277 995 348 Maji).
1029 276 1303 348 Rheginis
1339 294 1563 347 quoque
1599 275 1891 331 Landinus
1930 293 2160 346 operam
2196 294 2384 331 nava-

341 388 422 441 vit
450 389 535 458 (28
564 387 763 457 Aug.);
789 395 846 442 et
866 386 997 455 quia
1017 386 1169 453 illuc,
1195 386 1514 443 obedientia
1541 387 1707 451 duce,
1740 386 1939 451 iverat,
1965 403 2172 455 resque
2193 385 2381 442 felici-

345 506 428 551 ter
466 496 516 550 ei
552 504 957 563 successerant,
995 495 1146 550 illam
1179 496 1447 553 virtutem
1481 495 1716 551 mirifice
1752 497 1965 562 laudat,
2003 504 2274 567 optatque
2311 495 2379 550 in.

345 614 628 676 posterum
657 623 869 671 eorum,
902 606 997 675 qui
1023 615 1305 677 potestate
1330 616 1619 678 praesunt,
1650 616 1797 661 nutu
1836 615 1889 663 et
1926 607 2209 662 sententia
2242 626 2382 679 per-—

345 724 514 786 petuo
541 716 663 787 regi
684 718 741 797 (3
772 718 966 789 Sept.).
999 720 1094 772 Ad
1121 718 1439 773 Landinum
1461 719 1631 774 etiam
1652 726 1872 790 spectat
1890 718 2129 795 epistola
2148 719 2375 773 Hercu-

346 825 413 879 lis
454 826 685 894 PurinO,
730 828 1011 898 Ignatium
1050 830 1304 900 rogantis
1342 838 1404 885 ut
1439 830 1588 885 illius
1626 829 1686 884 in
1726 829 2094 900 semetipsum
2133 829 2385 901 rigorem·

348 929 668 992 moderetur
697 939 784 1010 (28
814 939 1038 1011 Martii).
1813 914 1818 919 ι

458 1049 544 1102 De
571 1050 852 1120 eugubino
878 1047 1115 1122 collegio
1143 1052 1310 1107 unica
1338 1054 1622 1123 profertur
1650 1053 1887 1125 epistola
1906 1055 1960 1126 J.
1995 1055 2061 1107 Β.
2095 1053 2166 1107 de
2194 1052 2385 1109 Velati

351 1157 422 1212 de
450 1158 705 1229 collegi0‚
737 1161 807 1214 de
833 1162 1018 1230 sociis,
1049 1163 1121 1216 de
1147 1162 1269 1233 ipso
1297 1172 1516 1220 rectore
1542 1163 1768 1235 agentis
1796 1166 1845 1236 (5
1874 1163 2062 1234 Dee.).

467 1268 703 1338 Neapoli
727 1269 1026 1341 singularis
1052 1273 1219 1328 etiam
1247 1274 1434 1331 editur
1458 1276 1725 1332 Andreae
1751 1276 1823 1331 de
1860 1274 2083 1330 Oviedo
2117 1273 2383 1344 epistola,

353 1377 450 1445 qui
501 1377 631 1432 illuc
683 1383 1051 1438 contenderat
1076 1427 1087 1451 ,
1151 1385 1372 1440 initium
1423 1374 1665 1458 collegio
1716 1385 2075 1457 neapolitano
2127 1386 2388 1440 facturus

356 1489 443 1559 (22
472 1481 668 1561 Nov.).'
2160 1457 2172 1469 -

468 1605 522 1668 e)
599 1601 857 1657 Coloniae
890 1606 1215 1663 Leonardus
1248 1610 1448 1666 Kessel
1475 1611 1673 1666 sedulo
1699 1608 1759 1663 in
1788 1608 2143 1664 confovenda
2174 1606 2390 1678 pietate-

358 1710 738 1781 adlaborabat,
769 1716 1036 1773 Societati
1055 1720 1296 1789 juvenes
1317 1721 1597 1779 alliciebat
1619 1723 1674 1792 (8
1698 1720 1925 1792 Martii),
1952 1719 2090 1775 alios
2109 1718 2168 1772 in
2188 1719 2392 1774 urbem

360 1821 430 1874 ad
458 1823 757 1894 collegium
783 1830 1167 1898 germanicum
1193 1832 1451 1889 mittebat
1479 1834 1568 1906 (24
1596 1834 1850 1905 Octob.).

461 1935 529 2005 f)
617 1937 1016 1995 Viennensium
1044 1961 1255 2012 curam,
1277 1946 1404 2019 Jajo
1430 1965 1462 2002 e
1488 1945 1633 2002 vivis
1654 1955 1871 2017 ereptO,
1897 1947 2167 2015 Lanoyus
2188 1941 2395 1998 alacri-—

364 2051 446 2097 ter
474 2048 733 2115 gerebat:
764 2051 930 2107 sociis
957 2062 1013 2109 et
1041 2056 1285 2112 externis
1312 2059 1565 2114 sedulam
1598 2059 1844 2113 navabat
1878 2030 2126 2128 operam,
2164 2063 2222 2109 et
2256 2072 2396 2125 ger-

365 2154 583 2210 manico
608 2157 666 2212 in
694 2162 831 2215 urbe
858 2165 1095 2236 collegio
1120 2168 1499 2239 prospiciebat
1527 2171 1598 2243 (1,
1632 2185 1703 2239 24
1732 2169 1988 2242 Octob.).

477 2267 666 2342 Atque
692 2272 831 2327 haec
857 2274 928 2330 de
954 2276 1238 2333 sociorum
1266 2280 1534 2351 epistolis,

481 2392 532 2431 2·
601 2381 698 2452 De
743 2383 991 2454 epistolis
1037 2407 1444 2448 EXTERNORUM
1479 2412 1662 2465 pauca
1696 2393 1937 2450 dicenda
1974 2399 2127 2447 sunt.
2169 2392 2406 2445 Paucae·

371 2486 519 2540 enim
547 2490 865 2560 hujusmodi
891 2499 1001 2552 hoc
1030 2519 1177 2556 anno
1203 2514 1591 2572 numerantur,
1623 2506 1695 2562 de
1722 2505 1930 2575 quibus
1956 2521 2127 2574 supra
2151 2498 2402 2557 mentio-

373 2614 502 2651 nem
529 2589 631 2655 suo
658 2602 782 2658 loco
808 2625 920 2661 non
949 2610 1263 2681 fecerimuS,
1294 2632 1508 2685 eaeque
1532 2617 1625 2671 vel
1651 2618 1722 2671 ad
1749 2615 1963 2688 gratias
1982 2613 2234 2686 agendas
2254 2627 2402 2665 con-

374 2707 614 2802 scriptae
659 2725 811 2784 sunt,
855 2728 918 2772 ut
962 2722 1380 2782 barnabitarum
1424 2701 1927 2784 mediolanensium
1973 2728 2024 2799 (2
2072 2727 2118 2781 F
2120 2725 2264 2789 ebr.,
2323 2735 2391 2775 22

376 2817 599 2891 Martii),
642 2826 732 2879 vel
766 2830 837 2881 ad
869 2833 1130 2889 mandata
1168 2837 1567 2894 committenda
1606 2844 1696 2909 (25
1738 2842 1783 2894 F
1787 2839 1950 2912 ebr.),
2000 2846 2099 2892 aut
2143 2832 2394 2891 studium

376 2925 808 2998 significandum
838 2940 887 3011 (8
915 2942 960 2995 F
963 2943 1122 3016 ebr.>.
1155 2948 1303 3002 Inter
1328 2966 1467 3019 quas
1491 2949 1585 3006 illa
1611 2951 1834 3022 propior
1860 2951 1932 3005 ad
1963 2968 2056 3006 res
2091 2942 2402 3005 Societatis

378 3041 615 3112 accedit,
647 3063 812 3115 quam
839 3051 969 3106 alibi
994 3055 1361 3126 laudavimuS,
1400 3062 1666 3133 Gregorii
1700 3064 1770 3118 de
1809 3063 2059 3118 Polanco
2093 3061 2181 3133 (15
2218 3055 2392 3128 Maii)-

492 3151 650 3208 Haec
677 3157 748 3212 de
774 3159 1020 3229 epistolis
1045 3166 1152 3220 hoc
1178 3168 1465 3226 volumine
1491 3172 1909 3243 comprehensis
1942 3171 2182 3227 dicenda
2215 3174 2393 3224 erant.

384 3260 515 3314 Non
541 3279 734 3321 omnes
761 3279 913 3327 certe
938 3275 1301 3344 gravissimae
1328 3290 1479 3349 sunt3
1510 3300 1616 3338 nec
1642 3283 1791 3337 enim
1819 3301 1943 3340 esse
1969 3289 2249 3354 poterant,
2274 3296 2413 3334 cum·

388 3371 632 3430 MIXTAE
677 3377 788 3433 sint
827 3390 938 3436 tam
972 3386 1185 3443 ratione
1219 3392 1537 3461 argumenti
1570 3411 1739 3463 quam
1774 3403 2088 3462 auctorum;
2126 3392 2226 3447 sed
2266 3390 2417 3444 tales*

387 3482 766 3557 nihilominuS,
815 3508 958 3561 quae
1002 3497 1251 3566 pondere
1294 3508 1351 3555 et
1398 3502 1635 3559 utilitate
1678 3523 1792 3560 non
1837 3513 2083 3560 careant.
2138 3505 2184 3557 F
2186 3510 2403 3557 atemur

386 3594 558 3653 etiam
583 3617 678 3655 eas
704 3620 822 3657 non
847 3622 1066 3677 semper
1097 3607 1155 3661 in
1181 3627 1329 3665 novo
1363 3624 1696 3684 argumento
1728 3616 1964 3671 versari:
2002 3613 2125 3672 fieri
2160 3612 2308 3671 enim
2338 3613 2411 3669 id'.
