2658 4296
350 246 443 290 404
1030 234 1325 278 Epls'rOLAE
1355 231 1525 277 Murra
1532 241 1617 275 E-
1624 229 1712 285 324

357 375 620 430 rogaram
654 358 739 412 uti
772 377 891 416 rem
927 364 1300 430 cognosceret
1323 364 1382 413 et
1407 373 1537 411 cum
1563 363 1741 409 matre
1772 354 2233 422 communicaret,
2263 358 2397 426 qui„

352 453 452 509 ubi
479 472 547 511 ea
572 455 643 510 de
669 472 730 509 re
757 453 1030 526 cognouit
1055 461 1114 509 et
1139 471 1272 508 suas
1299 460 1357 509 et
1382 450 1576 506 matris
1602 449 1792 504 literas
1817 450 1889 504 ad
1915 467 2006 504 me
2031 449 2214 521 primo
2237 469 2393 522 quo-›-

352 567 465 620 que
491 558 744 620 tempore
766 549 1070 606 mittendas
1090 548 1330 614 curauit,
1353 565 1467 609 non
1486 545 1711 616 quidem
1733 545 1872 601 tales
1894 544 2088 614 quales
2113 557 2398 618 expecta--

347 646 500 712 bam;
538 646 640 701 sed
673 662 790 713 eas,
829 643 1034 715 quibus
1058 662 1163 699 nos
1189 642 1406 715 probris
1439 641 1743 707 incessant,
1785 648 1843 696 et
1867 641 2223 698 contumeliis
2256 644 2398 698 affi-⁴

352 740 521 796 ciant.
549 740 668 795 Cur
693 739 843 796 enim
876 758 968 796 me
994 739 1053 793 in
1078 741 1186 793 hoc
1219 754 1454 792 numero
1480 754 1595 791 non
1628 737 1926 806 reponam?
1951 753 2082 799 cum
2108 738 2398 794 maximas--

348 835 488 890 mihi
515 837 587 891 ab
620 854 688 892 eo
720 835 954 890 iniurias
987 834 1108 890 fieri
1141 842 1334 905 putem
1370 850 1539 902 quam
1567 831 1688 899 tibi,
1720 830 2066 888 Societatiue
2092 834 2185 888 uel
2210 833 2379 889 mini—

351 951 508 988 mum
535 934 830 987 detrahere
856 933 1107 987 studeat?
1130 931 1442 986 Detrahere
1463 927 1688 998 quidem
1709 936 1843 981 sunt
1862 928 2073 995 conati,
2097 931 2199 985 sed
2224 949 2398 986 nunc:

348 1036 639 1100 compotes
665 1027 817 1094 facti,
848 1026 1076 1083 minime
1107 1034 1260 1093 sunt,
1291 1025 1349 1078 in
1382 1023 1545 1078 cuius
1578 1022 1727 1079 enim
1754 1031 2033 1094 potestate
2059 1026 2171 1080 hoc
2202 1025 2374 1082 situm

347 1124 447 1179 sit?
471 1123 854 1180 Nihilominus
881 1131 1067 1177 tamen
1093 1140 1287 1177 eorum
1313 1119 1521 1186 uerbiS,
1554 1128 1666 1173 tam
1694 1118 2021 1186 temerariis,
2053 1129 2167 1176 tam
2193 1130 2371 1178 retro-

343 1238 511 1278 uerso
537 1236 605 1275 ac
628 1227 990 1291 praepostero
1025 1217 1231 1272 iudicio
1263 1225 1322 1273 et
1354 1215 1508 1271 falsis
1542 1214 1711 1270 animi
1745 1215 2168 1273 inductionibus
2195 1221 2391 1275 uehe--

343 1324 565 1372 menter
596 1333 722 1370 sum
756 1314 942 1371 animo
986 1314 1364 1385 perturbatUS‚
1401 1321 1457 1367 et
1490 1311 1651 1367 lectis
1684 1330 1879 1367 eorum
1914 1312 2110 1379 literis,
2141 1313 2386 1386 ancipiti?

341 1430 495 1469 eram
539 1410 883 1483 cogitatione
932 1410 1252 1477 distractus,
1300 1417 1490 1463 utrum
1536 1426 1632 1464 eas
1676 1408 1747 1463 ad
1800 1416 1856 1464 te
1908 1409 2366 1478 transmitterem,

337 1508 605 1578 utrinque
629 1506 778 1562 enim
797 1517 855 1562 et
880 1525 1053 1576 quare
1078 1505 1354 1561 mitterem
1377 1513 1435 1562 et
1454 1523 1627 1574 quare
1646 1523 1780 1571 non,
1806 1504 1950 1560 ratio
1977 1509 2366 1573 succurrebat,

337 1613 396 1662 et
422 1621 619 1659 rursus
644 1602 939 1658 dubitatio.
965 1602 1058 1657 Ad
1076 1610 1420 1673 postremum
1441 1600 1652 1672 placuit
1674 1609 1736 1655 ut
1755 1601 1960 1656 alteras
1986 1603 2205 1669 saltem,
2229 1621 2387 1658 con—⁷

338 1699 553 1756 sobrini
586 1690 866 1765 videlicet,
908 1706 1175 1764 tenerem,
1214 1697 1478 1768 quoniam
1504 1699 1611 1753 hae
1636 1697 1795 1764 nihil,
1828 1699 1979 1768 quod
2006 1699 2078 1752 ad
2110 1717 2230 1755 rem
2263 1718 2368 1755 no-

338 1804 513 1851 stram
538 1793 866 1866 pertineret,
896 1794 951 1847 in
979 1811 1042 1848 se
1067 1793 1437 1861 continerent;
1470 1812 1808 1863 quamquam
1835 1794 1891 1848 in
1921 1793 2120 1849 iisdem
2148 1795 2383 1852 absentiv

339 1891 442 1946 tibi
467 1891 614 1947 male
638 1890 813 1960 loqui,
851 1889 1331 1960 contumeliasque
1365 1898 1420 1945 te
1455 1889 1856 1960 Societateque
1890 1890 2154 1963 indignas
2180 1891 2385 1948 dicere·

336 2005 453 2042 non
477 1994 741 2042 cessaret.
777 1986 932 2041 Patri
953 1995 1070 2040 tum
1097 1986 1326 2040 domino
1352 1986 1572 2057 Elpidio
1605 1986 1803 2042 iisdem
1830 1987 2038 2042 auditis
2066 1987 2253 2043 uisum
2279 1998 2365 2046 est

330 2090 402 2137 ut
426 2085 662 2138 Romam
689 2081 855 2136 binae
873 2082 1247 2149 mitterentur,
1272 2101 1412 2153 quas
1440 2083 1537 2137 ubi
1557 2083 1786 2152 uideris,
1812 2102 2025 2154 quaeso
2045 2103 2165 2141 rem
2187 2094 2362 2141 totam

333 2196 466 2233 cum
511 2177 649 2233 R.d0
694 2188 751 2232 et
789 2178 924 2232 mihi
961 2197 1181 2249 semper
1217 2179 1611 2235 colendissimo
1651 2181 1835 2236 Padre
1867 2181 2099 2236 domino
2139 2182 2380 2254 Ignatio

331 2273 709 2330 communica:
746 2274 840 2328 cui
868 2292 977 2345 ego
1010 2274 1409 2330 beneficiorum
1444 2276 1884 2346 meritorumque
1917 2296 2150 2332 suorum
2177 2278 2236 2332 in
2270 2297 2360 2333 me

332 2369 726 2442 magnitudine
755 2378 971 2425 tantum
996 2371 1175 2426 debeo
1200 2380 1257 2426 et
1290 2373 1508 2427 debebo
1534 2390 1774 2443 semper,
1810 2383 2084 2445 quantum
2112 2374 2206 2429 cui
2232 2376 2363 2446 plu-—

330 2465 557 2520 rimum.
575 2467 628 2520 Is
644 2465 853 2536 itaque,
879 2484 1005 2520 cum
1030 2466 1181 2520 omni
1203 2476 1452 2539 tempore
1471 2469 1903 2525 necessitatibus
1924 2470 2132 2525 nostris
2151 2472 2360 2545 optime

329 2561 700 2632 prospexerit,
732 2580 885 2615 nunc
913 2562 1040 2634 (qua
1065 2561 1123 2616 in
1150 2581 1343 2617 omnes
1364 2564 1635 2620 charitate
1655 2565 1758 2637 est)
1781 2585 1855 2622 ne
1877 2566 2207 2622 tenuissima
2233 2568 2360 2639 qui-

328 2657 461 2712 dem
489 2656 766 2711 dubitatio
791 2657 1004 2725 subest,
1035 2658 1170 2727 q-uin
1203 2658 1252 2713 si
1287 2669 1349 2713 tu
1390 2661 1442 2716 ei
1475 2661 1669 2716 matris
1695 2661 1988 2734 ingenium
2014 2671 2073 2716 et
2099 2673 2357 2742 naturam

245 2818 248 2821 v
326 2751 677 2823 exposueriS,
707 2752 976 2807 continuo
1010 2754 1190 2811 eidem
1225 2756 1388 2810 matri
1422 2759 1743 2813 consultum
1779 2777 1904 2815 esse
1931 2758 2090 2826 uelit,
2121 2759 2357 2831 eiusque

326 2847 613 2902 aerumnis
645 2865 711 2902 ac
746 2847 1001 2915 miseriis,
1032 2849 1089 2904 in
1125 2850 1329 2920 quibus
1363 2870 1486 2906 eam
1521 2854 1734 2909 uersari
1769 2855 1980 2926 poteris
2013 2856 2351 2928 intelligere,

325 2952 642 3009 succurrat,
673 2952 730 2999 et
763 2944 1031 2999 auxilium
1064 2955 1327 3016 praestet.
1359 2950 1473 3003 Iam
1501 2949 1676 3021 igitur
1701 2950 1768 3006 iis
1799 2952 2033 3007 uocibus
2059 2972 2174 3008 non
2202 2963 2349 3020 utar,

323 3055 473 3107 quae
507 3040 690 3094 solent
722 3038 1002 3095 interdum
1030 3043 1306 3096 humanos
1350 3062 1709 3103 commouere
1753 3047 1988 3102 animos:
2027 3058 2206 3104 mater
2237 3060 2348 3117 est3

322 3134 586 3188 ducenda
611 3133 760 3189 illius
787 3134 948 3203 ratio;
979 3136 1305 3206 uidendum,
1329 3158 1403 3197 ne
1429 3158 1497 3195 eo
1523 3143 1891 3198 extremitatis
1918 3153 1975 3200 et
2000 3143 2352 3201 miseriarum

323 3228 610 3295 deueniat,
650 3238 715 3284 ut
749 3231 1014 3302 genuisse
1048 3234 1354 3303 poeniteat:
1396 3254 1542 3306 quae
1577 3239 1765 3293 omnia
1805 3259 1837 3294 a
1871 3241 2050 3295 fracto
2087 3241 2353 3312 mollique

322 3323 510 3379 animo
538 3326 791 3395 profecta
816 3338 1052 3396 possunt
1081 3323 1417 3386 existimari.
1435 3333 1578 3386 Illud
1599 3337 1989 3391 tantummodo
2012 3355 2173 3410 rogo,
2198 3355 2272 3393 ne
2297 3338 2354 3392 id

321 3437 449 3474 mea
494 3437 667 3476 causa
714 3420 948 3487 accidat,
993 3425 1146 3492 quod
1190 3433 1248 3481 et
1291 3428 1415 3483 Deo
1448 3437 1505 3483 et
1542 3428 1863 3486 hominibus
1902 3432 2136 3504 impium
2175 3433 2354 3492 uideri

318 3514 514 3585 possit.
577 3517 936 3587 Quapropter
982 3527 1063 3585 tu,
1113 3520 1209 3589 qui
1254 3539 1372 3576 rem
1419 3531 1591 3578 totam
1644 3527 1819 3582 habes
1865 3528 2173 3599 cognitam,
2223 3547 2352 3584 cum

319 3610 459 3665 R.d0
494 3613 664 3668 Patre
710 3614 858 3667 Dn0.
910 3614 1130 3685 Ignatio
1175 3634 1332 3688 ageS,
1373 3636 1518 3687 quae
1556 3639 1658 3691 pro
1694 3641 1796 3676 sua
1842 3625 2159 3695 prudentia,
2198 3628 2349 3696 quod

315 3705 591 3776 optimum
622 3708 775 3762 factu
801 3707 893 3775 sit,
919 3709 1204 3766 iudicabit.
1237 3714 1327 3768 Tu
1355 3714 1521 3768 uelim
1551 3735 1718 3787 quam
1746 3718 1985 3791 primum
2007 3723 2079 3776 a'd
2105 3740 2194 3778 me
2221 3721 2362 3776 lite-
