2658 4296
1060 265 1114 312 Ῐ5
1146 256 1284 313 JUL11
1319 266 1433 312 Ι549
2182 271 2270 318 255

214 385 581 457 predicator’‚
606 384 658 439 ci
677 385 867 440 leuate
886 384 924 437 l'
949 382 1136 438 anima
1155 381 1248 436 dal
1268 399 1460 452 corpo.
1492 381 1662 437 Siche
1685 382 1778 437 noi
1801 384 1932 438 tutti
1954 387 2192 456 postrati
2213 388 2274 443 in

220 491 343 536 tera
362 499 476 536 con
501 480 555 536 16
582 481 751 535 brace
779 488 991 550 aperte,
1023 496 1133 532 con
1166 476 1206 530 li
1238 476 1368 531 ochi
1413 476 1715 543 lacrimosi,
1765 496 1874 532 con
1920 488 2069 536 tutta
2094 483 2131 535 l'
2162 485 2277 538 hu-

219 578 382 632 milta
407 578 499 631 ch’
530 579 679 630 usar'
705 575 752 630 si
773 584 967 647 puote,
998 592 1031 629 e
1051 574 1170 628 cosi
1190 575 1438 628 anchora
1457 573 1512 629 le
1532 582 1726 630 nostre
1746 579 1945 645 pouer’
1976 577 2280 649 uirginelle

218 691 335 729 con
361 673 549 743 quelle
574 674 830 727 medeme
857 681 1026 742 prece
1052 688 1085 725 e
1119 670 1219 741 piu
1245 671 1558 740 preghamo
1585 671 1645 726 S.
1686 671 1758 724 V.
1792 670 1838 724 si
1873 673 2045 743 degni
2077 675 2278 730 lassar'

219 769 323 840 qui
348 788 448 841 per
474 778 676 839 questa
703 767 1138 839 quadragesima
1175 767 1214 821 il
1247 774 1443 821 nostro
1480 766 1667 822 Padre
1699 767 2070 836 predicatore,
2113 790 2145 827 e
2170 774 2280 827 che

222 884 326 937 per
343 866 389 922 ,l’
420 884 578 920 amor
604 865 662 919 di
687 865 798 919 Dio
825 866 886 921 S.
919 866 991 919 V.
1022 846 1137 918 non
1164 863 1204 917 il
1229 863 1323 918 dia
1357 863 1430 916 ad
1456 862 1584 917 altri
1616 867 1719 933 “per
1745 863 1961 918 leuarlo
1990 884 2022 919 a
2048 866 2162 921 noi.
2195 869 2279 924 So

218 964 333 1019 che
358 980 499 1017 sono
528 962 676 1018 delle
702 961 844 1016 altre
876 960 1109 1016 castelle
1143 967 1202 1015 et
1235 959 1354 1014 cit-‘31v
1373 956 1520 1033 [che]
1558 959 1598 1012 l’
1628 960 1820 1013 hanno
1854 960 2214 1029 domandato;
2246 981 2282 1017 e

219 1068 373 1114 tutto
400 1059 533 1129 quel
559 1060 666 1113 che
693 1057 753 1111 ui
780 1057 1084 1122 domandO,
1116 1056 1400 1111 domando
1426 1056 1500 1110 da
1526 1064 1687 1126 parte
1707 1056 1801 1110 del
1820 1073 2086 1123 comune,
2117 1076 2281 1115 come

221 1155 555 1212 testifichar’
586 1162 761 1225 puote
787 1152 827 1206 il
853 1161 1048 1207 nostro
1070 1153 1214 1207 Rdo.
1242 1154 1314 1207 M.
1341 1160 1500 1222 prete
1520 1151 1796 1219 Antonio,
1821 1156 2064 1206 curator’
2087 1154 2143 1207 di
2165 1155 2282 1209 Ca-

220 1251 346 1311 suli,
367 1253 405 1317 ¹,
436 1269 470 1307 e
495 1250 531 1304 il
563 1250 707 1305 Rdo.
741 1250 927 1304 Padre
955 1251 1028 1303 M.
1059 1249 1175 1303 don
1196 1248 1495 1304 Siluestro.

341 1342 595 1403 Ulterius
619 1348 695 1400 ho
723 1345 935 1415 scripto
961 1363 1075 1399 vna
1099 1346 1303 1400 lettera
1323 1344 1433 1399 allo
1453 1345 1632 1399 ulmo.
1664 1353 1723 1401 et
1750 1347 1913 1400 Rmo.
1942 1348 2127 1402 Mons.
2154 1365 2283 1402 car-

219 1440 418 1499 dinale
452 1441 678 1514 Burgos
712 1440 754 1510 ²,
787 1442 895 1496 alla
921 1441 1055 1511 qual
1088 1442 1292 1497 lettera
1328 1459 1446 1495 non
1473 1441 1525 1494 ci
1551 1450 1729 1496 metto
1754 1441 1795 1495 il
1821 1461 1991 1499 nome
2017 1443 2152 1511 mio,
2183 1462 2285 1515 per

219 1534 603 1611 grandissima
629 1536 939 1609 sospitione
959 1539 1068 1593 che
1094 1555 1208 1592 non
1237 1537 1314 1590 mi
1342 1537 1425 1591 sia
1448 1538 1589 1592 fatto
1609 1537 1931 1609 dispiacer’,
1964 1541 2070 1594 che
2098 1549 2279 1606 cert0,

218 1636 310 1690 sel
334 1633 384 1689 si
421 1652 653 1706 sapesse
693 1635 850 1689 fusse
877 1642 1026 1688 stato
1071 1632 1146 1700 io,
1178 1633 1316 1705 guai
1356 1652 1390 1688 a
1415 1634 1525 1688 me!
1560 1642 1751 1688 tamen
1778 1635 2020 1690 mettero
2047 1635 2144 1705 qui
2172 1655 2287 1691 vna

222 1731 469 1803 polizina
494 1731 715 1786 inclusa
750 1730 809 1785 in
836 1729 1038 1800 questa
1072 1732 1146 1786 de
1179 1732 1241 1787 S.
1281 1731 1353 1786 V.
1394 1731 1473 1787 Se
1507 1749 1542 1785 a
1568 1731 1756 1800 quella
1789 1750 1924 1802 pare
1953 1732 2037 1786 far
2070 1740 2209 1786 noto
2247 1732 2287 1786 il

220 1825 554 1894 nome'mio‚
606 1826 749 1882 sacci
793 1827 889 1896 lei,
941 1826 1376 1883 remettendomi
1421 1826 1481 1880 in
1516 1828 1571 1882 13
1615 1828 1808 1881 buona
1852 1827 2197 1885 discretione
2227 1829 2286 1883 di

219 1925 288 1981 S.
326 1926 400 1980 V.
434 1924 587 1995 Quel
606 1922 706 1978 'ch’
735 1923 791 1979 io
819 1923 963 1978 sacci
992 1923 1171 1978 saccio
1199 1924 1271 1978 ad
1297 1925 1497 1978 honor’
1521 1923 1580 1978 di
1599 1924 1710 1979 Dio
1733 1944 1765 1980 e
1785 1925 1933 1979 della
1953 1933 2142 1980 santta
2163 1943 2286 1980 ma—

220 2021 328 2077 dre
354 2019 565 2077 chiesa.
600 2019 762 2075 Tutti
792 2019 832 2073 li
857 2019 1077 2074 homini
1103 2019 1162 2073 di
1188 2019 1384 2075 Casuli
1421 2019 1746 2076 vniuersale
1792 2029 1851 2076 et
1883 2021 2205 2092 particolar’
2237 2020 2286 2075 si

220 2117 643 2172 racomandano
670 2135 704 2170 a
731 2117 792 2173 S.
824 2118 922 2182 V.‚
954 2116 1039 2170 sia
1064 2115 1279 2170 homini
1306 2125 1365 2170 et
1397 2097 1608 2182 donne,
1642 2116 1900 2188 uergine,
1940 2116 2201 2172 maritate
2227 2126 2288 2172 et

223 2214 473 2278 uedoue,
504 2212 673 2284 picoli
701 2232 734 2268 e
760 2212 964 2283 picole,
1014 2230 1124 2266 con
1169 2216 1395 2283 pregar’
1435 2213 1625 2282 quella
1658 2212 1716 2266 di
1752 2232 1947 2273 nuouo
1983 2231 2099 2268 non
2127 2214 2286 2285 uogli

221 2312 532 2365 manchare
556 2309 706 2363 della
732 2308 917 2380 gratia
942 2309 1303 2364 domandata.
1337 2310 1420 2365 Le
1454 2325 1518 2364 12
1548 2309 1849 2382 uirginelle
1875 2329 1977 2382 per
1996 2310 2218 2367 infinite
2238 2311 2288 2364 si

219 2406 645 2462 racomandano
674 2423 783 2460 con
809 2405 974 2459 dirmi
1001 2407 1092 2460 ch’
1124 2405 1179 2459 io
1206 2423 1386 2477 prego
1419 2406 1480 2462 S.
1514 2408 1588 2461 V.
1628 2408 1737 2461 che
1770 2406 1818 2461 si
1853 2408 2046 2478 degna
2078 2426 2288 2478 pregar

223 2502 346 2558 Idio
372 2511 431 2559 et
459 2503 543 2556 far
570 2519 778 2574 pregar
817 2520 919 2572 per
964 2503 1106 2568 lor0‚
1138 2521 1172 2558 e
1198 2504 1305 2557 che
1345 2521 1462 2558 non
1495 2502 1707 2558 habino
1741 2503 1801 2557 in
1826 2522 1979 2558 vano
2020 2505 2075 2557 la
2102 2503 2289 2575 gratia

221 2599 593 2655 domandata.

279 2742 282 2743 γ
339 2696 384 2751 Π
411 2696 556 2751 Rdo.
590 2697 670 2751 M.
702 2704 864 2767 prete
890 2695 1147 2750 Antonio
1173 2703 1232 2751 et
1257 2695 1313 2750 io
1334 2681 1552 2750 conlui
1581 2696 1724 2750 vniti
1751 2695 1799 2750 si
1835 2696 2291 2751 racomandiamo

226 2812 266 2847 a
291 2792 361 2848 V.
390 2794 453 2849 S.
479 2801 538 2848 et
564 2792 656 2846 all’
697 2791 952 2847 oratione
985 2791 1043 2845 di
1078 2793 1266 2862 quella
1298 2791 1536 2848 insieme
1569 2810 1679 2846 con
1705 2792 1745 2845 li
1779 2792 1906 2847 Rdi.
1947 2792 2285 2847 confratelli.

327 2889 415 2944 ,Di
440 2888 639 2944 Casuli
665 2887 760 2943 alli
794 2902 856 2958 15
886 2888 944 2942 di
970 2888 1179 2960 Luglio
1207 2902 1366 2961 1549.
1397 2888 1514 2944 Diu
1542 2888 1713 2945 foelix
1739 2891 1801 2946 S.
1835 2892 1906 2945 V.
1931 2889 2109 2944 viuat.

365 3016 367 3018 ·
750 2987 825 3040 D.
857 2986 930 3040 V.
963 2986 1025 3042 S.
1056 2984 1466 3056 indegnissimo
1493 3003 1662 3040 seruo
1688 2995 1867 3056 prete,

783 3110 785 3112 ·
824 3082 1214 3138 SEBASTIANO
1254 3083 1693 3136 LOMBARDELLI
1723 3083 1795 3137 da
1821 3081 2035 3136 Casuli.

345 3178 670 3247 Inscriptio:
697 3177 773 3233 Al
799 3196 904 3232 suo
926 3178 1104 3232 Illmo.
1136 3178 1389 3249 signore,
1420 3176 1654 3248 signore
1681 3176 1902 3249 Ignatio
1925 3178 2158 3247 Loyola,
2183 3194 2285 3246 pa-

230 3284 397 3330 trone
423 3291 647 3344 sempre
673 3273 1191 3329 obseruandissimo
1218 3294 1251 3329 3
1279 3276 1477 3328 Roma.

326 3478 337 3503 ¹
403 3473 532 3518 Vide
556 3473 700 3532 infra,
725 3475 871 3534 epist.
896 3491 945 3519 n.
971 3486 1074 3532 270.

319 3553 337 3577 ²
400 3550 481 3594 Fr.
506 3550 723 3608 Joannes
744 3547 959 3594 -Alvarez
980 3550 1042 3594 de
1072 3546 1276 3607 Toled'O,
1301 3549 1363 3597 O.
1390 3550 1466 3608 P.,
1489 3549 1630 3606 cujus
1660 3564 1806 3608 saepe
1831 3549 1879 3592 in
1902 3547 2081 3591 nostris
2104 3545 2287 3589 MONu-

229 3633 427 3669 MEN'HS
463 3622 594 3668 facta
631 3630 709 3668 est
745 3624 947 3668 mentio.
979 3624 1057 3670 Cf.
1090 3623 1218 3668 inter
1246 3623 1386 3678 alios,
1419 3623 1503 3682 qui
1531 3633 1614 3667 res'
1641 3624 1703 3667 ab
1732 3637 1790 3667 eo
1817 3627 1983 3679 gestas
2021 3618 2286 3663 memoriae

229 3697 656 3754 commendarunt,
680 3698 736 3742 P.
762 3698 824 3742 A.
848 3699 1094 3756 TOURON,
1118 3697 1181 3745 O.
1213 3698 1289 3754 P.,
1320 3698 1548 3742 Histoire
1576 3699 1661 3742 des
1681 3699 1898 3741 hommes
1923 3694 2144 3738 illustres
2165 3693 2225 3736 de
2248 3691 2287 3734 l’

242 3773 412 3818 Ordre
433 3773 492 3817 de
517 3772 668 3817 Saint
690 3770 1023 3830 Dominique.
1041 3779 1077 3817 t.
1102 3783 1172 3830 IV,
1195 3786 1306 3831 pag.
1337 3768 1420 3816 168
1442 3778 1493 3815 et
1515 3786 1618 3830 seq.
