2658 4296
384 332 476 379 940

446 439 632 496 riquez,
653 442 760 491 775,
781 442 886 490 777,
909 441 1015 489 779:
1047 431 1249 476 Mironis
1281 429 1363 474 de-

447 510 605 554 fectus
629 513 679 551 et
700 505 926 551 virtutes:
961 504 1078 564 quid
1108 504 1170 548 de
1200 504 1283 548 illo
1313 500 1364 545 in

446 583 557 627 aula
572 579 708 638 regia
719 579 976 636 sentiatur,
993 577 1099 635 782,
1111 575 1214 633 7833
1235 573 1364 634 quod

448 657 554 715 ipse
576 652 858 699 Lusitaniae
882 650 1194 711 provincialis
1216 649 1281 692 sit
1297 646 1365 690 fa-

447 736 557 773 ctus
578 726 807 785 displicet
828 725 1051 770 dominae
1074 722 1364 780 Coutynhae

449 800 677 859 aliisque:
694 801 862 858 placet
890 797 1122 844 cardinali
1152 794 1366 840 Henrico

451 880 502 918 et
538 872 716 932 Joanni
749 872 839 928 ΙΙΙ,
870 881 1087 929 792-794,
1116 869 1221 926 796,
1259 876 1364 924 797,

451 947 556 1001 801,
600 945 704 997 802,
749 943 855 1003 803,
897 943 1003 1002 804,
1041 944 1153 1000 809,
1194 939 1280 995 837
1318 945 1368 983 et

454 1035 596 1079 seqq.
628 1019 736 1076 848.

395 1094 674 1139 Missiones.
716 1091 883 1137 Africa
920 1090 1175 1142 excolitur,
1210 1099 1285 1145 913
1319 1086 1370 1131 in

455 1167 710 1212 Brasiliam
760 1164 967 1225 profecti
1018 1163 1138 1207 socii
1178 1162 1367 1216 decem,

454 1243 606 1294 ibid„
629 1247 787 1286 totum
809 1238 1137 1296 Portugalliae
1165 1249 1371 1293 regnum

456 1314 657 1360 lusitani
677 1315 848 1358 Patres
877 1307 1208 1357 concionando
1238 1322 1373 1367 pera-

455 1394 617 1446 grant,
649 1377 1078 1445 491.—Expediti0
1107 1384 1157 1427 in
1186 1381 1372 1426 Indiam

459 1468 510 1506 et
532 1461 593 1506 ad
616 1462 847 1518 Magnum
869 1459 1112 1516 Congum,
1134 1457 1254 1501 ibid.

402 1535 637 1588 Modena,
684 1535 900 1592 Joannes
936 1533 1048 1576 Bta.
1100 1530 1175 1586 di,
1213 1529 1265 1573 S.
1306 1529 1373 1586 J.,

465 1609 570 1665 256.

403 1683 614 1727 Modena
636 1681 905 1740 (Mutina),
937 1679 1107 1724 Italiae
1136 1678 1270 1734 urbs,
1304 1675 1376 1733 16,

463 1768 538 1815 21,
561 1767 667 1813 474,
692 1766 795 1812 5023
819 1753 1047 1799 catholici
1077 1751 1378 1797 mutinenses

463 1836 750 1891 queruntur,
782 1828 911 1888 quod
940 1829 1160 1886 Pergola,
1190 1822 1379 1870 haeresi

467 1903 698 1958 infectus,
723 1916 820 1946 non
842 1907 1141 1953 coerceatur,
1174 1909 1276 1955 54o;
1308 1910 1381 1941 so-

471 1976 536 2022 cii
547 1975 807 2021 Societatis
825 1980 1138 2034 expetuntur,
1157 1973 1259 2029 556,
1279 1980 1382 2028 557,

471 2050 577 2109 582,
608 2048 712 2106 583,
744 2059 848 2106 5903
881 2054 932 2092 et
959 2047 1238 2104 collegium,
1275 2045 1383 2102 692,

420 2143 422 2145 ·
466 2132 574 2180 720,
597 2132 703 2179 772,
726 2121 833 2178 784,
857 2119 961 2175 8163
982 2119 1252 2171 inchoatur,
1278 2118 1380 2162 822.

468 2195 798 2254 -Episcopus
817 2193 1127 2238 mutinensis.
1143 2191 1269 2236 Vide
1288 2193 1385 2236 Mo-

474 2283 594 2314 rone
602 2301 613 2313 .
623 2294 663 2301 -
678 2267 1184 2312 Foscarari.--Primus
1194 2265 1389 2323 collegii

469 2349 646 2389 rector.
680 2341 806 2386 Vide
839 2343 1142 2386 Aversanus.
1163 2340 1387 2384 --Videa-

470 2425 549 2464 tur
572 2416 722 2462 etiam
744 2415 1010 2472 Landinus,
1035 2415 1291 2460 Silvester.

413 2493 684 2548 Molazana,
723 2491 958 2547 Joannes,
996 2488 1241 2541 sacerdos,
1282 2487 1389 2545 7693

474 2565 536 2610 ad
571 2563 912 2621 Garfagnanae
954 2562 1215 2619 collegium
1256 2561 1394 2605 insti-

472 2638 710 2684 tuendum
759 2637 1019 2682 facultates
1068 2651 1182 2681 suas
1231 2636 1392 2688 offert,

475 2713 583 2770 769⁷
606 2721 712 2768 770·

418 2787 646 2844 Moncon,
681 2784 913 2844 oppidum
951 2783 1251 2836 Lusitaniae,
1289 2792 1394 2841 407,

486 2858 596 2916 433.

426 2932 754 2985 Mondostedo,
778 2932 895 2976 urbs
918 2931 1203 2990 Hispaniae,
1226 2931 1328 2988 284.

423 3007 744 3065 Mondragon,
767 3004 1035 3063 Hispaniae
1052 3005 1301 3063 oppidum,
1326 3019 1400 3049 se-

485 3081 598 3125 dem
615 3094 701 3140 pro
719 3080 967 3124 Societate
989 3079 1215 3137 Borgiae,
1238 3079 1400 3138 offert,

484 3152 588 3210 5533
613 3153 683 3197 ibi
719 3152 1036 3197 concionatur
1069 3151 1265 3210 Borgia,
1295 3161 1398 3208 597.

423 3226 696 3278 Monesma,
729 3224 960 3284 oppidum
982 3224 1267 3283 Hispaniae,
1298 3225 1399 3282 528.

426 3300 672 3345 Monreale
695 3299 862 3358 (Mons
883 3299 1116 3359 Regalis)
1139 3300 1188 3343 in
1217 3298 1400 3352 Sicilia,

485 3383 576 3429 753
629 3372 920 3418 coenobium
963 3372 1402 3429 benedictinorum,

486 3447 631 3502 ibid„
660 3458 760 3503 191,
789 3445 893 3503 193.

426 3519 687 3578 Monsteri,
717 3519 994 3579 bingensis,
1022 3519 1221 3574 Paulus,
1247 3520 1407 3564 adole-

492 3606 637 3637 scens
678 3593 880 3636 Romam
924 3591 980 3650 it,
1022 3598 1077 3636 ut
1113 3592 1164 3636 in
1199 3593 1408 3651 collegio

490 3664 774 3723 germanico
793 3664 968 3710 studiis
983 3664 1069 3709 det
1077 3678 1292 3723 operam,
1303 3665 1406 3722 817.

427 3739 793 3798 Montemayor,
838 3737 1072 3798 oppidum
1110 3738 1408 3796 Lusitaniae,

493 3820 598 3868 509.

1297 312 1516 356 IchEs

1452 426 1698 484 Montoya,
1738 425 1966 482 Joannes,
2008 422 2065 467 S.
2109 423 2177 480 J.,
2211 419 2426 466 novitius

1510 496 1811 556 gandiensis,
1836 496 1940 554 261,
1964 494 2069 548 331,
2093 493 2198 552 389.

1454 572 1700 630 Montoya,
1719 572 1798 615 Fr.
1819 569 2096 614 Ludovicus
2109 568 2188 621 de,
2200 566 2262 615 Ο.
2278 567 2329 612 S.
2343 567 2424 622 Α.,

1513 645 1587 689 vir
1604 659 1808 702 magnae
1831 642 2132 688 auctoritatis
2162 642 2213 687 in
2237 641 2428 685 Lusita-

1512 720 1608 772 nia,
1633 717 1812 776 Ignatii
1841 716 2208 774 devotissimuS,
2239 713 2427 759 Mirone

1514 791 1817 837 familiariter
1838 804 1975 846 usus,
1997 787 2212 845 672-673.

1457 867 1765 918 Montserrat,
1790 865 1849 909 P.
1881 863 2142 917 Antonius,
2166 861 2217 906 S.
2243 861 2313 919 J.,
2342 869 2422 917 91.

1455 941 1748 985 Montserrat
1770 939 1938 998 (Mons
1957 936 2219 992 Serratus)
2236 935 2432 980 celebre

1516 1013 1808 1059 coenobium
1829 1012 1891 1059 O.
1924 1012 1976 1056 S.
2007 1012 2062 1054 B.
2097 1010 2148 1054 in
2178 1006 2431 1066 Hispania,

1518 1090 1575 1132 B.
1600 1089 1664 1132 V.
1691 1086 1871 1131 Mariae
1889 1099 2099 1138 sacrum,
2123 1081 2193 1139 13,
2216 1081 2318 1137 1583
2337 1094 2435 1124 mo-

1519 1164 1783 1207 nachorum
1833 1160 1882 1204 in
1934 1157 2235 1203 Societatem
2283 1169 2435 1212 amor,

1520 1236 1734 1294 346-348.

1460 1313 1671 1357 Monzon
1720 1312 1744 1369 (
1763 1309 1996 1362 Montio,-
2018 1304 2437 1361 Montisonium),

1520 1387 1636 1430 urbs
1654 1383 1940 1442 Hispaniae,
1960 1392 2064 1439 529,
2083 1390 2189 1437 777,
2209 1377 2314 1434 806,
2332 1377 2435 1434 807.

1463 1461 1615 1512 Mora,
1641 1458 1872 1517 oppidum
1895 1453 2242 1513 Portugalliae,
2265 1452 2375 1497 802.

1465 1534 1693 1590 Morales,
1718 1533 1772 1575 P.
1797 1530 2101 1582 Emmanuel,
2126 1528 2182 1572 S.
2213 1528 2281 1585 J.,
2298 1526 2349 1570 in
2365 1525 2442 1569 In-

1525 1607 1654 1652 diam
1678 1605 1842 1663 solvit,
1865 1615 1972 1662 491.

1467 1682 1716 1737 Morellus,
1739 1678 1989 1736 Nicolaus,
2013 1677 2063 1722 S.
2089 1677 2139 1734 J.
2155 1710 2167 1733 ,
2190 1674 2294 1732 258.

1468 1756 1656 1800 Morera
1674 1752 1921 1808 (Moreira)
1939 1752 1999 1795 P.
2024 1748 2289 1807 Georgius,
2304 1747 2355 1793 S.
2378 1747 2446 1804 J.,

1527 1827 1602 1884 883
1627 1825 1848 1872 Gandiae
1870 1825 2150 1869 doctoratus
2173 1825 2339 1867 laurea
2367 1820 2448 1864 de-

1528 1908 1738 1953 coratur,
1763 1898 1978 1957 374-377,
2002 1897 2109 1955 431,
2135 1907 2240 1954 517.

1471 1974 1773 2033 Morgovejo,
1797 1975 2010 2032 Joannes
2032 1969 2259 2026 Peruchi,
2281 1969 2452 2013 doctor

1531 2048 1791 2105 lusitanus,
1815 2046 1924 2103 842.
2437 2059 2439 2061 ·

1472 2124 1691 2180 Morone,
1722 2122 1956 2179 Joannes,
1979 2117 2257 2174 cardinalis,
2288 2121 2451 2175 prote—

1531 2204 1637 2242 ctor
1658 2194 1919 2240 Societatis
1944 2195 2083 2252 Jesu,
2106 2192 2213 2249 692,
2237 2200 2342 2247 720.

1475 2271 1715 2327 Morran0,
1754 2269 2030 2312 Matthaeus
2060 2265 2286 2322 Sebast.,
2317 2268 2454 2321 optat

1534 2358 1597 2389 ne
1619 2343 1740 2388 socii
1761 2342 2152 2398 Caesaraugusta
2180 2337 2455 2391 discedant,

1537 2418 1612 2474 56;
1651 2431 1738 2476 pro
1774 2415 2050 2474 virginibus
2092 2413 2231 2458 Stae.
2283 2411 2457 2457 Clarae

1537 2488 1974 2536 barcinonensibus
2010 2486 2252 2532 rhetorice
2288 2484 2485 2546 depre-¹

1537 2571 1693 2620 catur,
1716 2562 1873 2616 63-66‚
1898 2572 2002 2618 217,
2027 2571 2132 2618 241,
2156 2558 2261 2612 336,
2295 2556 2399 2614 653.

1481 2640 1724 2696 Moscoso,
1768 2637 1997 2685 Alvarus,
2037 2634 2298 2694 episcopus
2330 2646 2462 2691 pam-

1542 2711 1824 2772 pelonensis
1847 2708 2207 2768 (Pamplona),
2229 2705 2336 2764 392.

1484 2786 1618 2831 Mota
1660 2784 1723 2829 de
1766 2782 1976 2838 Medina,
2023 2779 2291 2840 Hispaniae
2331 2778 2465 2838 oppi—

1544 2860 1678 2914 dum,
1703 2858 1811 2915 287.
2027 2878 2029 2880 ’
2164 2868 2166 2870 ·

1485 2934 1675 2989 Muros,
1706 2931 1922 2977 Didacus
1951 2929 2031 2982 de,
2063 2928 2324 2988 episcopus
2353 2940 2467 2970 ove-

1547 3008 1701 3052 tensis
1724 3004 1988 3065 (Oviedo),
2016 3013 2120 3060 177.

1488 3080 1664 3138 Murta,
1701 3078 1993 3124 coenobium
2030 3076 2128 3121 Sti.
2178 3073 2468 3134 Hieronymi

1547 3168 1697 3213 prope
1716 3153 1948 3208 Alciram,
1967 3151 2018 3196 in
2035 3150 2289 3210 provincia
2305 3150 2469 3193 valen-

1551 3228 1670 3280 tina,
1695 3227 1776 3286 93.

1494 3300 1635 3359 Muti,
1660 3300 1862 3358 MutiuS,
1885 3298 1995 3356 237.

1960 3453 2015 3504 N

1498 3593 1673 3652 Nadal,
1705 3594 1764 3638 P.
1805 3592 2159 3650 Hieronymus,
2192 3590 2244 3635 S.
2284 3590 2363 3647 J.,
2400 3588 2476 3645 46;

1558 3669 1686 3712 bona
1722 3666 1855 3711 illius
1891 3666 1943 3711 in
1979 3663 2269 3709 Balearibus
2306 3661 2479 3707 insulis

1558 3739 1877 3798 existimatio,
1899 3749 2005 3796 2473
2041 3737 2244 3796 egregie
2276 3736 2328 3781 in
2358 3733 2479 3781 Sici-

1559 3813 1623 3858 lia
1644 3813 1913 3868 adlaborat‚
1943 3822 2159 3869 400-402;
2190 3825 2219 3855 a
2247 3810 2303 3855 P.
2334 3808 2480 3854 Riera
