2658 4296
1070 225 1098 271 7
1132 215 1343 259 Amuus
1379 223 1488 270 1551
2220 232 2308 279 545

257 350 450 404 lucem
475 340 641 395 istam
670 340 879 407 videre,
911 359 1057 412 quae
1083 340 1500 396 contemnenda
1524 348 1612 394 est
1632 351 1895 411 respectu
1917 346 2143 403 futurae
2166 348 2312 403 lucis

258 447 544 502 aeternae,
583 446 642 492 et
675 437 756 491 ita
791 438 957 494 valde
986 436 1328 499 desideravit
1369 428 1808 493 communicare:
1840 442 2120 497 celebravi
2148 443 2227 498 ibi
2253 455 2313 500 et

261 532 722 600 communicavit,
759 542 818 590 et
862 534 942 588 ita
969 533 1177 589 clausis
1206 532 1388 587 oculis
1432 532 1708 587 decubuit
1745 533 1824 587 ibi
1870 538 1939 590 ad
1985 540 2128 593 duos
2162 540 2307 596 dies.

264 631 456 687 Tertio
490 628 584 685 die
619 629 832 700 incepit
875 611 1071 687 videre
1103 631 1319 697 lucem,
1357 627 1554 684 dicens
1589 647 1652 684 se
1686 646 1817 683 cum
1846 632 1915 687 S.‘
1958 636 2137 689 Paulo
2174 654 2312 706 pro-

259 737 521 793 stratum,
546 736 604 783 et
623 726 899 781 decubuit
918 728 990 781 ad
1010 745 1112 781 sex
1129 725 1271 791 dies,
1291 734 1348 781 et
1361 726 1532 796 plene
1551 726 1695 797 (laus
1714 728 1858 797 Deo)
1881 729 2178 786 restitutus
2197 743 2308 800 est,

261 833 319 880 et
346 824 429 878 sic
455 824 623 894 jussu
657 832 853 877 nostro
898 823 1066 878 rediit
1111 823 1183 876 ad
1217 821 1628 876 habitationem
1663 840 1845 888 suam,
1887 833 1944 879 et
1980 825 2087 880 ista
2123 829 2313 883 omnia

256 920 395 991 ipsis
421 930 480 975 et
499 920 623 975 aliis
650 919 914 974 omnibus
940 918 1233 990 incognita
1266 926 1519 973 manent.
1560 919 1686 987 Ipse
1720 937 1858 974 vero
1892 920 2031 974 nihil
2060 923 2198 994 agit,
2238 944 2313 980 ne

172 1055 175 1056 γ
256 1017 319 1072 ἱη
342 1017 576 1071 minimo
604 1017 854 1086 quidem,
885 1015 1008 1070 sine
1035 1013 1272 1068 consilio
1300 1023 1513 1067 nostro:
1540 1015 1923 1070 communicat
1943 1035 2089 1086 pene
2120 1022 2312 1088 quoti-

258 1113 370 1179 die,
400 1122 459 1167 et
492 1112 726 1167 omnino
761 1130 822 1166 se
858 1110 1130 1167 Societati
1157 1110 1472 1180 adiungere
1505 1109 1684 1180 cupit,
1717 1110 1826 1165 nisi
1862 1115 2015 1182 quod
2051 1117 2303 1172 nondum

257 1213 367 1265 hoc
394 1229 428 1264 a
452 1209 618 1263 nobis
638 1209 925 1278 postulare
952 1208 1179 1272 audeat,
1214 1205 1478 1261 videlicet
1503 1208 1817 1261 secundum
1840 1218 2101 1264 naturam
2123 1213 2311 1267 adhuc

258 1309 590 1373 abhorrens;
640 1305 740 1359 sed
785 1303 1018 1358 omnino
1063 1321 1230 1374 spero
1264 1304 1418 1373 quod
1452 1321 1582 1357 curn
1620 1313 1875 1374 tempore
1920 1307 2109 1361 omnia
2144 1309 2305 1364 fient.

254 1407 382 1478 Jam
430 1403 579 1469 enim
624 1403 696 1457 ad
739 1419 844 1456 nos
888 1401 1159 1456 venisset:
1200 1401 1303 1455 sed
1338 1400 1703 1455 doctissimus
1748 1402 1975 1470 quidam
2025 1404 2309 1471 dominus,

261 1504 343 1579 D,
367 1499 642 1565 Cannius,
673 1498 863 1553 socius
888 1498 1023 1552 Dni.
1055 1496 1307 1552 Cornelii
1343 1495 1514 1551 Croci
1546 1498 1583 1562 ¹,
1615 1497 1742 1568 piae
1776 1500 2102 1567 memoriae,
2142 1502 2315 1557 huius

258 1615 397 1654 vero
421 1596 554 1652 olim
574 1603 929 1666 praeceptor,
960 1593 1188 1665 scripsit
1215 1593 1267 1650 ei
1302 1593 1426 1648 istis
1465 1593 1690 1662 diebus,
1721 1596 1874 1664 quod
1901 1615 2111 1668 magna
2136 1617 2310 1668 quae-

258 1696 390 1750 dam
422 1693 746 1759 meditetur,
786 1710 933 1762 quae
967 1693 1175 1747 absens
1208 1700 1308 1746 aut
1342 1708 1444 1762 per
1479 1689 1672 1745 literas
1705 1691 1957 1749 indicare
2003 1695 2162 1762 nolit3
2214 1697 2316 1751 sed

259 1799 392 1863 post
436 1791 581 1846 festa
626 1788 913 1859 paschalia
946 1790 1095 1861 (Deo
1142 1787 1388 1859 volente)
1436 1806 1498 1845 se
1532 1799 1840 1844 venturum
1878 1791 2217 1860 Lovanium,
2256 1803 2317 1847 et

256 1889 390 1943 inde
426 1905 490 1942 se
534 1886 894 1941 commodum
929 1885 1150 1940 socium
1184 1884 1435 1955 equitem
1470 1886 1683 1942 habere
1716 1886 1984 1956 quiverit,
2022 1889 2312 1958 profectu-

258 2004 386 2040 rum
411 1986 649 2039 Romam
676 1999 744 2037 ac
767 1982 1130 2037 visitaturum
1177 2000 1306 2036 ossa
1351 1982 1440 2036 sui
1475 1982 1664 2049 Croci,
1704 2002 1805 2054 per
1843 1986 1984 2040 haec
2019 1994 2078 2039 et
2112 1985 2317 2040 similia

259 2081 397 2138 satis
422 2080 680 2135 indicans
705 2098 766 2134 se
793 2097 1022 2150 quoque
1047 2080 1196 2133 velle
1223 2078 1498 2135 Societati
1525 2090 1756 2136 nostrae
1783 2081 2117 2153 adiungere:
2148 2101 2315 2153 prae-

261 2179 526 2250 cepitque
545 2177 728 2233 eidem
755 2176 815 2230 in
841 2176 1055 2231 eisdem
1081 2175 1280 2242 literis,
1313 2194 1386 2230 ne
1413 2175 1679 2246 cuiquam
1707 2179 2028 2232 mortalium
2055 2182 2195 2235 haec
2224 2180 2315 2233 in-

264 2276 496 2331 dicaret.
529 2276 609 2347 At
636 2277 790 2345 Mag.
817 2275 1067 2346 Jacobus
1093 2291 1286 2327 coram
1314 2292 1406 2328 me
1441 2274 1626 2329 celare
1653 2292 1770 2328 non
1805 2275 2009 2345 potuit,
2049 2276 2316 2346 ipsasque

265 2373 456 2428 literas
481 2370 619 2425 mihi
647 2369 916 2425 ostendit.

376 2471 526 2525 Sunt
551 2477 842 2538 praeterea
862 2476 919 2523 et
948 2475 1062 2522 tres
1090 2474 1189 2520 aut
1216 2476 1461 2536 quatuor
1487 2468 1580 2521 alii
1606 2467 1863 2539 insignes
1888 2468 2017 2537 viri,
2057 2470 2154 2539 qui
2192 2470 2318 2525 istis

265 2567 468 2622 diebus
501 2565 769 2621 dixerunt
801 2564 959 2630 mihi,
1009 2572 1137 2634 post
1182 2563 1366 2618 varias
1412 2564 1551 2618 mihi
1590 2565 1768 2620 factas
1811 2566 2215 2634 confessioneS,
2254 2587 2317 2623 se

266 2664 445 2735 prima
470 2663 665 2718 habita
690 2661 1117 2732 opportunitate
1151 2661 1299 2717 velle
1325 2661 1521 2717 venire
1559 2663 1631 2716 ad
1658 2662 1948 2730 exercitia,
1979 2665 2051 2717 ad
2085 2664 2317 2735 religio-

265 2780 396 2816 nem
441 2759 891 2815 carthusiensem
935 2757 1191 2813 dicentes
1237 2776 1299 2814 se
1338 2758 1589 2813 animum
1635 2761 1873 2815 habere:
1926 2760 2132 2830 quibus
2184 2778 2314 2814 cum

266 2859 479 2912 bullam
506 2864 756 2910 nostram
785 2856 979 2926 legere
1005 2854 1407 2925 permisissem,
1447 2855 1698 2909 animum
1733 2865 1954 2911 mutare
1981 2865 2313 2927 coeperunt;

267 2972 399 3008 nam
425 2952 559 3022 quia
584 2970 692 3008 nec
717 2951 1023 3023 collegium
1060 2953 1355 3017 habemus,
1398 2970 1506 3008 nec
1550 2952 1849 3022 quisquam
1885 2952 1976 3006 hic
2010 2952 2316 3023 professio-

270 3068 402 3106 nem
435 3048 591 3115 facit,
627 3047 724 3101 vix
768 3047 956 3102 sciunt
995 3047 1339 3104 Societatem
1387 3049 1559 3103 talem
1600 3067 1745 3103 esse:
1797 3067 1983 3119 spem,
2021 3057 2181 3119 pater
2214 3047 2313 3113 mi,

271 3148 458 3201 adhuc
478 3145 726 3215 amplum
753 3162 883 3218 cum
913 3153 1165 3215 tempore
1192 3144 1252 3198 in
1277 3145 1526 3200 Domino
1554 3146 1822 3200 fructum.

382 3244 620 3297 Nostras
655 3258 852 3295 omnes
885 3240 1185 3297 Societatis
1217 3242 1403 3297 bullas
1438 3241 1499 3295 in
1532 3260 1871 3312 parcameno
1906 3241 2069 3295 claris
2115 3243 2313 3295 chara-

270 3339 521 3394 cteribus
540 3337 764 3408 magnis
783 3336 1106 3407 sumptibus
1126 3338 1375 3394 scribere
1397 3338 1655 3403 fecimUS,
1680 3348 1738 3393 et
1756 3339 1874 3408 jam
1896 3338 2136 3407 scriptae
2157 3345 2311 3390 sunt.

270 3435 552 3491 Dominus
587 3434 958 3489 cancellarius
1003 3443 1196 3488 noster
1229 3434 1398 3489 hodie
1433 3434 1674 3489 contulit
1708 3434 1845 3488 mihi
1881 3433 2116 3505 indigno
2149 3441 2316 3502 pote-

365 3596 378 3620 ¹
442 3592 519 3636 De
555 3590 700 3648 hujus
736 3589 994 3634 clarissimi
1031 3589 1125 3634 viri
1161 3591 1427 3649 sapientia,
1466 3590 1732 3635 virtutibus
1762 3598 1812 3634 et
1848 3590 2002 3646 obitu,
2040 3589 2237 3640 Romae,
2263 3588 2314 3631 in

275 3667 524 3712 societate
548 3666 684 3723 Jesu‚
710 3664 970 3709 videantur
990 3664 1265 3723 ΡοιΑΝοο,
1288 3672 1329 3709 t.
1359 3677 1412 3723 Π,
1435 3679 1548 3723 pag.
1573 3676 1649 3721 92,
1670 3680 1720 3708 n.
1746 3675 1856 3720 2143
1889 3670 1938 3707 et
1958 3663 2240 3706 TABLARES
2261 3661 2315 3705 in

279 3741 464 3787 cartas
484 3741 544 3784 de
567 3740 674 3784 San
695 3738 920 3798 Ignacio,
945 3744 981 3782 t.
1004 3749 1056 3791 11,
1081 3752 1193 3797 pag.
1219 3750 1321 3796 542.
1348 3740 1428 3784 Ab
1444 3739 1551 3783 aliis
1574 3745 1775 3783 vocatur
1797 3735 2053 3783 Cornelius
2075 3735 2312 3780 Saffraen.

467 3828 710 3865 Emsrour.
730 3828 911 3871 Mutua,
930 3837 1024 3863 rou.
1051 3837 1096 3863 11.
2028 3825 2074 3859 35
