2658 4296
440 292 530 339 944

496 398 725 443 cietatem
742 398 955 456 capessit
971 398 1252 443 Valentiae:
1282 395 1413 440 navi-

494 478 580 529 gat
600 472 651 516 in
679 470 912 518 Siciliam:
950 471 1154 516 Romam
1187 470 1301 515 inde
1331 483 1413 512 ve-

499 545 589 601 nit,
610 544 752 599 ibid„
768 555 851 601 771
867 577 878 589 .

436 617 652 676 Pereira,
688 616 941 662 Eduardus
972 619 1215 673 (Duarte),
1254 615 1310 659 S.
1341 616 1407 672 J.,

437 767 592 812 Perez
623 765 766 822 (Piz),
797 766 859 811 P.
905 766 1213 822 AmbrosiuS,
1245 765 1296 809 S.
1339 764 1406 820 J.,

496 845 778 899 procurator
820 839 1139 884 lusitanorum
1182 839 1233 883 in
1269 839 1405 891 urbe,

495 913 602 971 396,
624 912 729 971 397,
753 913 859 971 516,
882 923 987 970 791-

435 987 589 1033 Perez
608 987 786 1043 (Pirez,
809 986 983 1043 Pires),
1006 986 1267 1043 Georgius,
1291 992 1400 1039 795.

433 1061 606 1112 Pe’erez,
635 1059 968 1105 Gundisalvus
997 1059 1272 1115 (Gonzalo),
1298 1055 1408 1100 Phi-

494 1134 626 1194 lippo
654 1134 719 1192 ΙΙ,
758 1132 984 1193 principi,
1015 1148 1042 1177 a
1078 1131 1299 1188 secretis,
1331 1130 1404 1186 87,

498 1207 601 1265 349.

436 1284 608 1338 Perez‚
630 1283 689 1326 R.
715 1282 769 1326 P.
802 1282 930 1339 Mag.
955 1283 1034 1326 Fr.
1058 1281 1405 1337 Hieronymus,

498 1355 559 1403 O.
579 1356 635 1400 B.
655 1355 716 1399 V.
736 1354 797 1399 de
815 1356 899 1410 M.,
916 1354 1154 1409 Gandiae,
1172 1354 1222 1397 in
1238 1352 1405 1397 acade-

496 1430 591 1474 mia
614 1429 893 1486 Societatis,
912 1427 1207 1485 theologiam
1225 1425 1405 1486 primus

494 1504 658 1559 docet,
682 1502 756 1559 28,
785 1501 885 1558 1033
914 1502 1210 1546 Societatem
1232 1499 1405 1545 oratio-

495 1593 557 1623 ne
579 1576 774 1636 publica
795 1575 975 1632 laudat,
1004 1574 1102 1631 1533
1130 1574 1405 1619 academiae

491 1650 750 1709 gandiensi
765 1650 1035 1708 copulatur,
1055 1660 1159 1706 200,
1177 1661 1281 1706 249,
1299 1647 1402 1704 3263

494 1724 600 1783 ejus
642 1737 771 1768 mors
808 1729 858 1768 et
900 1722 1132 1780 elogium,
1170 1721 1275 1779 332,
1299 1720 1403 1779 333,

495 1797 601 1854 376,
622 1809 728 1855 450.

433 1871 587 1916 Perez
602 1871 664 1915 de
686 1871 844 1927 Culla,
863 1869 1160 1928 Onophrius,
1188 1869 1286 1914 103.

431 1946 587 1990 Perez
617 1945 679 1989 de
710 1944 951 2002 Guzman‚
983 1943 1193 1987 Alvarus
1216 1941 1297 1998 (Ρ),
1327 1958 1404 1987 co-

490 2034 594 2063 mes
616 2018 678 2063 de
702 2017 886 2075 Orgaz,
910 2017 1015 2074 849.

433 2093 586 2137 Perez
603 2092 664 2136 de
683 2093 815 2149 Jaso.
836 2091 960 2135 Vide
979 2092 1111 2147 Jaso.

432 2168 587 2212 Perez
618 2167 741 2212 Ruiz
782 2167 843 2211 de
881 2167 1089 2224 Corella,
1133 2165 1405 2211 Gulielmus

490 2241 746 2298 (Guillen),
770 2255 935 2285 comes
951 2241 996 2284 V
1012 2240 1073 2284 de
1091 2239 1405 2297 Cocentaina,

491 2326 595 2374 297.

429 2390 585 2436 Perez
621 2389 746 2434 Ruiz
787 2390 849 2434 de
885 2388 1105 2444 Corella,
1151 2388 1405 2434 Ximenius

488 2463 723 2521 (Ximen),
741 2477 906 2507 comes
924 2462 993 2505 VI
1009 2461 1070 2505 de
1088 2460 1404 2521 Cocentaina,

491 2547 595 2594 297.

428 2610 659 2669 Pergola,
704 2612 1103 2655 Bartholomaeus
1141 2611 1268 2655 della
1293 2644 1310 2668 ,Ι
1342 2610 1403 2655 de

485 2684 678 2729 haeresi
699 2689 976 2742 suspectus,
1001 2693 1106 2739 5023
1126 2683 1400 2727 invalescit:

484 2764 755 2818 queruntur
819 2756 1047 2802 catholici
1099 2757 1402 2802 mutinenses

483 2831 614 2891 quod
635 2830 835 2875 minime
857 2835 1159 2885 coerceatur,
1184 2839 1292 2886 540.

425 2905 583 2960 Peris,
615 2905 745 2962 Mag.
786 2903 912 2948 Vide
951 2903 1121 2957 Perez,
1161 2902 1401 2962 Hierony-

487 2992 612 3022 mus.

426 3051 686 3111 Perpifian,
705 3051 760 3094 P.
786 3051 979 3106 Petrus,
1000 3050 1050 3094 S.
1077 3051 1144 3107 J.,
1169 3060 1277 3111 200.

424 3124 667 3183 Perpifian
688 3123 1131 3183 (Papinianum),
1151 3125 1266 3169 urbs
1289 3124 1402 3169 Gal-

482 3196 595 3253 liae,
620 3196 727 3254 523.

424 3271 649 3329 Pertusa,
673 3285 828 3330 pagus
848 3270 1144 3328 Aragoniae,
1169 3280 1277 3328 529.

423 3343 634 3402 Perugia
670 3343 956 3403 (Perusia),
989 3342 1161 3388 Italiae
1193 3345 1327 3401 urbS,
1352 3350 1402 3388 et

482 3418 539 3464 S.
570 3419 621 3477 J.
671 3417 954 3476 collegium,
1000 3428 1075 3475 21,
1113 3427 1218 3474 7553
1263 3418 1401 3463 initia

479 3490 676 3549 collegii
713 3489 947 3550 perusini:
988 3504 1137 3549 opera
1167 3490 1399 3548 proximis

477 3565 729 3624 impensa:
775 3563 1018 3609 sociorum
1060 3562 1249 3622 inopia,
1293 3573 1400 3621 755-

472 3638 578 3696 7613
602 3628 722 3698 quas
745 3636 887 3682 initio
909 3637 1223 3697 experiantur
1245 3638 1401 3682 nostri

476 3711 810 3769 difficultates,
831 3708 1046 3765 828-8323
1077 3723 1199 3768 quos
1230 3709 1399 3754 adver-

479 3784 633 3830 sarios
654 3785 885 3843 habeant,
906 3782 993 3829 868
1015 3788 1066 3827 et
1082 3796 1237 3843 seqq.;
1263 3797 1400 3828 exer—

1350 277 1565 320 IND10Es

1563 393 1822 440 citationes
1864 395 2125 454 sociorum,
2171 388 2276 455 881,
2318 398 2487 446 882.—

1560 467 1771 525 Collegii
1814 470 2031 527 perusini
2078 470 2262 529 primus
2300 480 2480 520 rector.

1559 541 1685 585 Vide
1707 542 2058 602 Mercurianus,
2077 545 2372 591 Everardus.
2394 600 2404 608 .

1500 615 1680 659 Pesaro
1690 617 2038 676 (Pisaurum),
2051 617 2281 677 oppidum
2290 619 2460 666 Italiae
2467 658 2479 679 ,

1561 687 1667 747 367,
1689 687 1794 746 371.

1499 763 1692 819 Petrus,
1715 767 1929 821 mossen,
1953 764 2058 809 262.

1499 835 1675 880 Petrus
1704 836 1973 894 Antonius,
2005 838 2231 897 princeps
2261 838 2323 882 de
2354 839 2477 884 Bisi-

1557 913 1683 953 fiano
1705 910 2055 970 (Bisignano),
2076 910 2179 968 548.

1496 982 1707 1038 Pezano,
1730 983 1785 1027 P.
1811 985 2025 1041 Joannes
2043 985 2172 1042 Bta.,
2195 983 2248 1029 S.
2273 986 2342 1044 J.,
2367 996 2473 1044 590.

1497 1056 1769 1115 Philippus,
1792 1045 2081 1115 brugensis,
2095 1068 2197 1114 427.

1497 1129 1749 1188 Philippus
1771 1131 1838 1188 ΙΙ,
1859 1131 2086 1190 princeps
2114 1131 2403 1190 Hispaniae,
2430 1143 2476 1191 7,

1560 1213 1630 1261 173
1663 1204 1807 1262 jubet
1830 1205 2090 1250 Araozium
2120 1206 2406 1252 incumbere
2427 1208 2477 1252 in

1555 1277 1981 1335 redintegrandam
1999 1279 2246 1337 virginum
2263 1279 2475 1339 discipli-
2505 1300 2506 1304 ¹

1555 1366 1685 1408 nam,
1708 1350 1783 1408 37‘;
1806 1351 2127 1397 Barcinonem
2148 1352 2369 1412 divertit,
2397 1365 2475 1410 41,

1554 1423 1631 1482 87,
1664 1434 1765 1481 157,
1797 1425 1900 1482 269.
1935 1427 2005 1470 Eo
2035 1433 2232 1484 agente,
2263 1427 2348 1471 Fr.
2384 1427 2476 1471 Be-

1555 1497 1780 1543 nedictus
1801 1499 1982 1558 Tocco,
2006 1498 2071 1547 O.
2104 1500 2160 1545 S.
2190 1501 2278 1558 Β.,
2309 1500 2371 1544 ad
2399 1515 2474 1545 se-

1554 1571 1667 1616 dem
1689 1572 1939 1618 vicensem
1957 1573 2201 1629 evehitur,
2216 1573 2321 1631 3483
2339 1574 2475 1619 favet

1555 1646 1791 1691 Societati
1840 1647 1890 1692 in
1931 1662 2078 1692 causa
2119 1648 2474 1708 archiepiscopi

1555 1721 1777 1777 toletani,
1801 1721 1908 1779 632,
1929 1722 2037 1780 656,
2065 1721 2179 1779 8203
2205 1723 2335 1767 serio
2367 1723 2475 1767 vult

1556 1802 1610 1840 ut
1660 1795 1978 1841 cardinalium
2035 1796 2245 1854 collegio
2296 1796 2476 1854 Borgia

1556 1868 1879 1928 adscribatur,
1901 1870 2009 1927 848.

1496 1942 1800 2001 PiacentinO,
1832 1944 2009 1988 Petrus
2040 1943 2303 2001 Antonius,
2345 1944 2396 1989 S.
2422 1945 2472 2001 J.

1555 2017 1680 2061 Vide
1703 2017 1980 2073 Selvaticis,
2004 2017 2179 2061 Petrus
2204 2017 2278 2070 A.
2300 2017 2380 2063 de.

1496 2091 1752 2148 Piacenza,
1792 2090 1841 2135 in
1879 2096 2020 2136 textu
2056 2091 2293 2135 Plesance
2326 2091 2473 2149 (Pla-

1554 2166 1759 2223 centia),
1785 2167 1901 2211 urbs
1923 2166 2111 2224 Italiae,
2130 2164 2233 2222 340.

1496 2240 1776 2298 Pignatelli,
1804 2240 2008 2298 Hector,
2046 2239 2145 2284 dux
2183 2239 2244 2283 de
2283 2240 2470 2283 Monte-

1555 2317 1715 2371 leone,
1740 2324 1844 2372 547,
1867 2314 1973 2372 664,
1997 2314 2107 2371 665.

1493 2390 1735 2435 Pimentel
1757 2395 1808 2433 et
1839 2389 2090 2448 Almansa,
2121 2387 2470 2444 Bernardinus,

1552 2462 1767 2507 marchio
1789 2461 1851 2506 de
1873 2463 2080 2520 Tavara,
2103 2462 2208 2518 852.

1493 2536 1735 2581 Pimentel
1778 2538 1828 2580 et
1870 2536 2098 2594 Velasco,
2136 2537 2306 2593 Maria,
2350 2549 2474 2580 uxor

1552 2609 1792 2667 Alphonsi
1814 2608 1876 2652 de
1912 2607 2145 2653 Acevedo
2174 2614 2225 2652 et
2260 2605 2471 2666 Zufiiga,

1550 2683 1743 2728 comitis
1766 2683 1827 2727 de
1858 2683 2133 2742 Monterey,
2157 2681 2261 2739 732.

1491 2756 1750 2815 Pinghina,
1773 2757 2192 2814 Bartholomaeus,
2220 2766 2320 2800 110.

1490 2831 1672 2875 Pintia.
1704 2829 1831 2874 Vide
1849 2829 2141 2875 Valladolid.

1490 2905 1652 2957 Pinto,
1677 2903 1985 2962 Franciscus,
2003 2917 2108 2961 490.

1491 2977 1654 3035 Pinto,
1677 2977 1867 3035 Xistus‚
1889 2987 1996 3036 407,
2017 2977 2121 3034 408.

1490 3052 1578 3096 Pio
1599 3051 1660 3096 de
1683 3051 1847 3110 Carpi,
1864 3051 2170 3110 Rodulphus,
2188 3051 2465 3107 cardinalis,

1549 3125 1605 3170 S.
1637 3127 1682 3184 J.
1702 3131 1967 3185 protector,
1991 3124 2092 3183 193,
2112 3135 2216 3182 557,
2234 3125 2341 3185 773,
2358 3127 2463 3184 780.

1400 3213 1405 3218 ’
1490 3198 1578 3243 Pio
1601 3198 1662 3243 de
1685 3198 1851 3258 Carpi,
1872 3199 2138 3257 Rupertus,
2161 3208 2265 3256 557.

1491 3272 1632 3317 Pirez
1650 3272 1845 3331 (Pires),
1870 3273 2132 3330 Antonius,
2150 3272 2256 3330 840.

1490 3345 1630 3390 Pirez
1654 3346 1851 3405 (Pires),
1888 3346 2153 3405 Georgius,
2185 3346 2289 3402 8023
2330 3362 2358 3392 e
2381 3347 2468 3392 So-

1546 3419 1726 3464 cietate
1748 3419 2028 3479 dimittitur,
2054 3419 2159 3477 8373
2184 3420 2301 3481 quid
2334 3422 2468 3466 oblo-

1548 3499 1743 3552 quatur,
1761 3492 1868 3553 838,
1891 3492 2000 3551 839.

1491 3566 1603 3611 Pisa
1612 3567 1831 3626 (Pisae),
1847 3569 1964 3612 urbs
1973 3568 2162 3624 Italiae,
2172 3567 2278 3625 3433
2290 3582 2350 3612 e0
2359 3568 2466 3613 Lai-

1550 3655 1642 3685 nez
1658 3642 1928 3698 contendit,
1939 3644 2091 3688 verba
2107 3641 2343 3698 facturus,
2358 3651 2461 3699 515.

1490 3712 1606 3757 Pius
1627 3714 1714 3771 IV,
1738 3720 1874 3773 pont.
1898 3729 2031 3760 max.
2047 3750 2059 3773 ,
2081 3714 2185 3772 657.
2211 3714 2328 3773 Ejus
2350 3729 2463 3759 con-

1549 3787 1766 3832 stitutio:
1794 3789 1906 3833 Etsi
1926 3803 1984 3834 ex
2006 3789 2183 3846 debito,
2206 3788 2312 3845 657.
