2658 4296
458 295 545 352 370
1130 290 1425 334 EP1s'roLAE
1456 283 1814 330 Murra-310

456 438 585 475 nam
612 418 744 471 huic
770 415 982 470 homini
1009 415 1406 485 responderem
1437 410 1719 484 (quoniam
1755 427 1788 464 a
1822 407 1985 463 nobis
2003 408 2186 463 ,nichil
2213 409 2349 463 boni
2386 412 2489 465 ha-

455 514 691 581 bemus),
731 510 1012 580 respondi:
1052 510 1229 574 Vade,
1267 507 1368 574 fili,
1408 515 1465 562 et
1510 504 1767 560 confiteri
1812 511 2109 574 peccatum
2158 512 2320 558 tuum
2358 522 2489 558 cum

455 606 794 662 contritione
819 614 876 658 et
902 607 1115 670 dolore,
1145 613 1202 658 et
1229 602 1348 659 redi
1376 603 1446 655 ad
1472 618 1706 655 onrem
1734 607 1888 653 tuam
1916 606 1974 653 et
2000 600 2072 653 ad
2091 598 2257 665 filios,
2282 609 2339 654 et
2364 602 2487 656 Do-

453 703 639 756 minus
665 701 787 755 sine
813 701 985 754 dubio
1020 708 1075 754 te
1109 698 1373 755 enutriet.
1413 694 1731 766 Replieauit
1765 702 2083 765 praeterea,
2115 694 2330 750 dicens:
2372 699 2485 751 Pa-

454 808 557 864 ter,
605 815 716 868 ego
754 796 929 851 ¹velim
984 797 1182 866 fugere
1233 800 1599 863 conspectum
1651 790 1886 845 istorum
1937 792 2330 858 hebraeorum,
2388 792 2486 862 qui

451 891 728 962 quottidie
754 911 843 946 me
868 899 1078 947 vexant
1103 899 1166 944 vt
1199 889 1427 944 Christo
1461 886 1810 952 renunciem,
1849 895 1906 941 et
1939 905 2056 941 non
2089 888 2272 942 habeo
2307 889 2486 943 dena-

452 988 581 1042 rios:
612 987 659 1041 si
693 988 890 1042 saltem
926 988 1192 1040 haberem
1225 1002 1400 1037 vnum
1431 980 1706 1054 jul[ium]‚
1744 1000 1855 1053 ego
1889 1002 1981 1039 me
2014 983 2392 1039 subducerem
2428 992 2487 1040 et

451 1084 521 1138 ad
546 1101 779 1137 onrem
807 1082 1064 1149 redirem3
1096 1081 1196 1135 sed
1221 1077 1563 1134 verecundia
1590 1078 1849 1148 prohibet
1875 1079 2059 1134 redire
2079 1079 2202 1135 sine
2222 1079 2480 1150 pecunia.

450 1178 706 1234 Audiens
746 1196 855 1248 ego
900 1177 1062 1232 istius
1107 1174 1354 1230 hominis
1401 1173 1670 1240 animum,
1721 1192 1890 1244 quem
1923 1175 2170 1230 habebat
2210 1177 2486 1230 aduersus

448 1273 765 1341 Christum,
822 1281 1322 1343 paupertatemque
1362 1271 1485 1325 eius
1528 1272 1904 1341 perpendenS,
1944 1271 2135 1341 subito
2156 1316 2168 1339 ,
2206 1291 2320 1326 vna
2353 1289 2484 1326 cum

440 1373 701 1442 Johanne
726 1378 918 1423 nostro
946 1370 1117 1423 fratre
1145 1368 1389 1439 (sumpto
1415 1366 1667 1437 consilio)
1693 1366 1831 1436 quid
1856 1386 2028 1438 super
2053 1371 2161 1423 hac
2182 1387 2241 1423 re
2264 1368 2484 1424 faciun-

447 1467 581 1519 dum
610 1467 753 1521 foret
778 1463 1234 1519 deliberauimus:
1274 1465 1606 1518 conclusum
1636 1464 1862 1520 tandem
1891 1472 2003 1532 est,
2034 1473 2097 1518 vt
2130 1464 2483 1519 mendicare-

446 1581 572 1616 mus
599 1580 699 1631 pro
725 1561 833 1615 isto
860 1559 1107 1625 homine,
1138 1577 1248 1630 ego
1274 1559 1333 1612 in
1361 1560 1483 1613 foro
1509 1567 1566 1613 et
1585 1559 1752 1629 juxta
1779 1560 2029 1628 bursam,
2056 1563 2343 1633 Johannes
2377 1578 2482 1615 au-

448 1667 559 1714 tem
588 1657 695 1711 alio
722 1657 780 1710 in
806 1658 949 1721 loco,
980 1664 1037 1710 et
1065 1664 1237 1710 totam
1260 1655 1678 1722 eleemosinam,
1704 1674 1873 1725 quam
1895 1674 2314 1727 acceperamus,
2346 1657 2483 1711 huic

446 1734 664 1807 homini¹
683 1753 959 1820 dedimUS,
991 1752 1086 1821 qui
1112 1751 1388 1822 promisit,
1419 1760 1677 1822 porrecta
1708 1751 1880 1806 michi
1914 1768 2087 1807 manu
2123 1771 2229 1806 sua
2261 1754 2479 1818 dextra,

444 1868 507 1906 se
532 1850 676 1905 velle
703 1849 960 1904 confiteri
984 1867 1095 1918 quo
1123 1857 1313 1918 posset
1340 1848 1528 1914 citius,
1561 1856 1619 1904 et
1644 1848 1829 1904 redire
1855 1867 1956 1919 per
1982 1851 2219 1904 Romam
2246 1848 2306 1903 in
2327 1850 2483 1905 Nea-

446 1945 613 2015 polim
641 1946 711 1998 ad
737 1963 967 1999 onrem
995 1953 1051 1999 et
1076 1943 1237 1998 filios
1273 1946 1365 1999 Ob
1394 1962 1563 2013 quam
1591 1963 1710 1999 rem
1737 1946 1809 2000 V.
1836 1947 1904 2000 R.
1930 1963 2059 1999 cum
2083 1944 2345 1999 omnibus
2369 1946 2483 1999 fra-

447 2040 674 2097 terculis
710 2040 997 2094 Christum
1033 2040 1295 2111 precibus
1327 2049 1384 2095 et
1417 2040 1627 2112 vigiliis
1660 2040 1864 2096 vestris
1897 2040 2308 2112 efflagitabitiS,
2339 2052 2483 2111 'qua-

448 2145 613 2191 tenus
639 2136 729 2190 hic
757 2139 924 2190 homo
950 2136 1180 2208 dignam
1207 2155 1309 2207 pro
1334 2137 1581 2208 peccatis
1609 2136 1727 2192 suis
1754 2137 2158 2208 poenitentiam
2188 2155 2360 2209 agere
2379 2157 2482 2192 va—

445 2233 576 2298 leat,
608 2241 664 2288 et
689 2241 751 2285 vt
780 2232 996 2288 fortiter
1022 2233 1076 2287 in
1106 2234 1217 2289 fide
1243 2243 1487 2300 maneat,
1530 2235 1755 2305 agendo
1790 2237 1917 2289 Deo
1947 2234 2189 2305 gratias,
2221 2234 2319 2304 qui
2345 2252 2481 2305 pec-

447 2337 691 2383 catorem
719 2329 879 2397 quasi
906 2329 1249 2384 obstinatum
1277 2331 1348 2386 ad
1381 2330 1788 2401 poenitentiam
1822 2348 2030 2386 vocare
2063 2330 2335 2402 dignatus
2369 2339 2475 2387 est.

557 2424 828 2492 Tandem,
860 2424 1115 2480 videntes
1142 2445 1245 2480 nos
1272 2425 1506 2482 iniuisse
1533 2426 1773 2497 gratiam
1795 2444 1925 2481 cum
1945 2445 2095 2493 aere,
2121 2426 2481 2482 ascendimus

446 2519 725 2588 quandam
754 2519 1106 2587 nauicellam,
1138 2539 1267 2576 cum
1295 2540 1408 2592 qua
1433 2523 1770 2578 deuenimus
1797 2523 1855 2577 in
1881 2532 2110 2594 portum
2137 2524 2479 2594 appellatum

446 2614 773 2694 Synogallia
806 2617 841 2681 ¹,
872 2615 968 2669 vbi
1001 2634 1129 2670 cum
1162 2618 1536 2687 venissemUS,
1575 2620 1721 2675 male
1747 2620 2029 2675 valuimus
2055 2628 2284 2691 propter
2311 2620 2482 2674 maris

445 2708 733 2763 insolitum
762 2729 964 2765 aerem.
997 2714 1140 2767 Nam
1180 2714 1438 2783 quamuis
1465 2715 1664 2785 jeiuno
1699 2719 1990 2771 stomacho
2023 2715 2394 2771 intrassemus
2420 2716 2480 2769 in

445 2805 670 2858 barcam
697 2813 758 2858 vt
783 2806 1087 2862 vitaremus
1113 2808 1385 2863 vomitum
1415 2811 1565 2883 (quia
1592 2811 1803 2866 Christi
1828 2820 2251 2867 sacrosanctum
2273 2829 2479 2882 corpus

445 2917 840 2970 acceperamus
885 2904 1079 2957 eodem
1126 2904 1216 2958 die
1254 2906 1457 2977 mane),
1497 2917 1872 2978 conquassata
1899 2908 2050 2963 enim
2083 2917 2246 2963 erant
2289 2908 2478 2963 omnia

445 3005 636 3050 nostra
660 2996 896 3065 viscera,
927 3007 984 3052 et
1011 3001 1253 3055 coleram
1274 3004 1506 3056 multam
1528 3003 1796 3060 eiecimus
1823 3025 1834 3059 :
1859 3022 1967 3060 nec
1994 3005 2180 3076 ipsum
2199 3005 2474 3059 vomitum

443 3091 706 3147 cohibere
731 3102 1074 3162 poteramus
1107 3097 1200 3150 Ad
1226 3098 1530 3167 hospitium
1556 3100 1779 3170 vesperi
1806 3100 2167 3167 accessimuS,
2197 3109 2254 3157 et
2280 3100 2476 3171 hospi-

443 3195 555 3240 tem
593 3188 707 3259 (qui
752 3207 975 3245 carnem
1024 3192 1244 3258 edebat,
1286 3203 1344 3248 et
1381 3198 1533 3264 quod
1570 3197 1696 3267 plus
1730 3206 1837 3264 est,
1876 3199 2060 3268 palam
2105 3198 2478 3269 profitebatur

441 3300 570 3337 cum
600 3302 704 3339 suo
731 3303 899 3340 seruo
927 3304 989 3341 se
1015 3289 1325 3344 comedisse
1351 3292 1529 3345 multo
1564 3294 1836 3365 tempore)
1865 3295 2079 3348 adhoc
2113 3293 2473 3360 deduximuS,

441 3386 503 3431 vt
529 3379 879 3448 promitteret
905 3399 966 3436 se
1006 3400 1120 3436 non
1146 3385 1290 3439 velle
1324 3389 1558 3455 posthac
1592 3390 1928 3444 comedere:
1968 3390 2121 3460 quod
2155 3398 2344 3444 tamen
2383 3388 2478 3442 vix

440 3474 670 3541 credidi,
703 3475 835 3544 quia
862 3477 1003 3530 dura
1041 3478 1263 3532 ceruice
1296 3481 1464 3535 homo
1499 3482 1813 3539 videbatur.
1854 3484 2125 3542 Similiter
2157 3493 2217 3540 et
2250 3486 2474 3550 seruuS,

439 3569 535 3636 qui
562 3571 631 3623 de
659 3571 855 3627 Suetia
882 3571 1154 3627 oriundus
1180 3583 1320 3643 erat,
1350 3575 1452 3629 vbi
1473 3587 1651 3632 mater
1676 3581 2088 3637 haereticorum
2107 3589 2217 3647 est,
2248 3589 2358 3635 ete.
2388 3560 2397 3569 ’

530 3778 541 3802 ¹
606 3776 696 3820 Pro
718 3777 1013 3836 SenogaIlia,
1041 3780 1354 3841 Sinigaglia.
