2618 4152
284 186 370 232 186
960 186 1256 231 EPISTOLAE
1287 178 1645 237 M1xTAE-239

283 312 509 383 pietatis
541 311 833 380 insereret,
865 321 923 370 et
955 332 989 368 a
1022 315 1135 383 quo
1169 321 1402 384 gustum
1437 309 1682 378 aliquem
1708 307 1859 362 vitae
1897 306 2203 377 spiritualis
2232 308 2324 379 (ad

284 427 454 477 quam
489 426 579 463 me
613 408 943 463 inclinatum
977 409 1146 479 sensi)
1182 407 1547 479 perciperem;
1579 404 1699 469 sed,
1740 404 1893 472 quod
1927 420 2321 478 conceperam,

284 503 532 560 externis
566 503 980 575 impedimentis
1013 503 1390 570 obstantibus,
1428 509 1648 555 mature
1681 500 1955 569 perficere
1988 517 2104 553 non
2136 499 2322 570 potui,

282 600 420 653 dum
444 599 537 653 hic
563 602 905 656 manendum
931 609 1099 656 esset.
1133 602 1441 656 Suaserant
1467 596 1598 650 olim
1619 594 1917 664 aliquoties
1935 594 2041 648 viri
2066 594 2324 666 integer-—

282 695 410 749 rimi
436 704 501 750 ut
530 696 769 752 facerem
796 696 1081 762 exercitia,
1107 695 1155 750 si
1180 695 1392 759 liceret,
1418 690 1685 761 quoniam
1703 691 2066 762 profuturum
2092 699 2243 745 esset
2263 690 2325 744 in

285 791 442 846 omni
468 791 603 847 vita:
636 792 859 859 exinde,
890 793 1170 863 quomodo
1203 790 1261 844 id
1295 806 1519 860 possem
1555 788 1870 854 commode,
1901 785 2126 857 saepius
2154 786 2329 841 tacita

286 888 631 963 cogitati-one
652 907 872 947 mecum
893 887 1097 954 evolvi,
1121 895 1425 957 expectans
1452 882 1885 938 convenientem
1905 880 2323 957 [occasionemJ.

286 985 508 1040 Interea
551 987 666 1039 huc
700 984 946 1054 illucque
981 982 1355 1040 tentationum
1388 980 1658 1034 fluctibus
1701 979 2048 1050 impellebar,
2088 986 2146 1033 et
2177 981 2330 1034 hanc

287 1098 470 1136 meam
497 1080 918 1135 infoelicitatem
939 1098 1195 1145 cernens3
1221 1077 1418 1132 salutis
1437 1094 1598 1131 meae
1617 1075 1965 1131 sitientissim
1975 1093 2040 1130 us
2066 1075 2335 1129 dominus

287 1177 636 1243 LeonardUS,
669 1177 750 1231 uti
775 1177 886 1232 iam
913 1176 1074 1231 annis
1101 1175 1331 1244 aliquot,
1358 1173 1565 1244 quibus
1585 1174 1882 1229 confessus
1909 1190 2045 1227 suae
2072 1170 2328 1226 domina—

288 1271 429 1326 tioni
470 1272 569 1339 fui,
608 1273 744 1328 satis
782 1280 1268 1337 commonstrarat,
1307 1270 1514 1325 obtulit
1551 1269 1688 1323 mihi
1728 1288 1889 1323 suam
1929 1287 2178 1339 operam,
2216 1286 2334 1338 qua

289 1377 458 1424 utens
484 1369 689 1425 certior
714 1371 785 1425 de
810 1369 1109 1424 vocatione
1141 1367 1264 1424 fieri
1297 1386 1540 1438 possem.
1574 1365 1797 1421 Placuit
1831 1366 1889 1420 id
1922 1365 2061 1419 mihi
2086 1383 2329 1436 magno-

289 1483 441 1535 pere,
473 1483 538 1519 ac
573 1474 820 1537 gratum,
852 1466 934 1519 uti
966 1464 1181 1531 debuit,
1214 1463 1321 1518 fuit
1353 1463 1611 1535 cogitare
1646 1463 1891 1518 oblatam
1925 1462 2036 1516 iam
2072 1460 2331 1516 occasio-

288 1578 438 1628 nem,
482 1563 617 1615 dum
663 1563 734 1618 de
780 1563 969 1616 futura
1011 1561 1261 1616 incertus
1300 1578 1503 1627 essem,
1546 1579 1660 1615 non
1700 1558 2123 1630 negligendam.
2173 1559 2330 1613 Dum

289 1676 426 1712 vero
455 1658 1052 1714 convenientissimum
1071 1657 1379 1725 videretur,
1403 1656 1588 1727 ipsum
1610 1654 1824 1711 accessi
1850 1672 1917 1709 ac
1945 1654 2126 1708 tribus
2151 1653 2331 1724 septi-

287 1753 466 1808 manis
494 1772 559 1807 ac
596 1754 798 1809 diebus
832 1754 1044 1824 aliquot
1077 1754 1285 1808 ibidem
1319 1761 1699 1808 commoratus
1734 1770 1881 1820 sum,
1913 1759 2180 1822 expertus
2206 1749 2333 1803 ani'-

287 1867 441 1903 mum
469 1868 635 1904 suum
666 1869 808 1922 erga
833 1848 961 1924 [me]
995 1851 1293 1921 plusquam
1328 1857 1646 1920 paternum,
1677 1847 1756 1902 ita
1790 1857 1854 1902 ut
1889 1847 2100 1919 gratias
2125 1839 2336 1919 dignas

286 1962 394 1999 nec
439 1963 610 2017 agere
639 1943 753 2001 'aut
796 1948 1025 2013 habere,
1074 1946 1285 2000 nedum
1333 1946 1562 2011 referre,
1612 1944 1844 2016 possim,
1887 1945 2096 2000 referet
2140 1951 2336 1999 autem

286 2041 468 2096 omnis
488 2042 624 2097 boni
651 2034 1056 2109 remunerator,
1082 2042 1343 2097 Christus
1363 2045 1554 2115 JesuS,
1579 2043 1732 2112 quod
1759 2059 1951 2096 secum
1980 2058 2147 2097 ouem
2175 2059 2332 2096 erra-

288 2140 536 2193 bundam
562 2140 832 2194 reducere
859 2139 1094 2194 studuit.

401 2236 682 2292 Exercitia
714 2236 938 2292 interim
970 2235 1338 2308 praescripta,
1369 2235 1417 2290 si
1451 2254 1568 2291 non
1603 2235 1807 2306 reipsa,
1847 2244 2002 2292 certe
2035 2235 2336 2289 voluntate

290 2342 547 2403 prompta
572 2333 867 2406 compleui.
903 2335 1156 2390 Tandem
1176 2351 1312 2388 vero
1333 2351 1435 2404 pro
1454 2332 1754 2388 vocatione
1774 2320 1901 2386 mea
1929 2332 2337 2403 cognoscenda

290 2430 579 2484 ardentius
606 2448 768 2501 orare
788 2430 1096 2498 mandavit,
1120 2430 1273 2500 quod
1294 2448 1362 2487 eo
1388 2428 1810 2496 libentiusfeci‚
1835 2428 1966 2499 quia
1985 2428 2125 2482 nihil
2150 2426 2339 2498 magis

292 2524 501 2579 iamdiu
546 2526 1022 2592 desideraveram,
1071 2545 1242 2601 quam
1287 2529 1437 2581 hanc
1489 2543 1855 2597 cognoscere.
1914 2525 2218 2586 Caeterum
2263 2524 2338 2578 ad

290 2629 506 2676 certum
533 2622 774 2694 aliquem
801 2632 1012 2678 statum
1039 2623 1288 2691 vivendi,
1319 2632 1558 2694 excepto
1585 2621 1874 2677 communi
1901 2620 2155 2675 omnium
2182 2619 2329 2674 chri*

289 2717 619 2785 stianorum,
669 2720 924 2776 inclinari
976 2729 1075 2775 aut
1127 2720 1273 2775 trahi
1324 2720 1635 2776 etiamnum
1681 2737 1797 2773 non
1842 2717 2014 2784 sensi,
2064 2720 2337 2773 haerente

291 2814 490 2869 eodem
534 2817 841 2886 propositO,
891 2818 1055 2887 quod.
1091 2816 1318 2888 saepius
1362 2817 1752 2887 praefixeram,
1797 2814 2082 2881 videlicet,
2125 2822 2190 2868 ut
2235 2830 2336 2887 per

290 2928 483 2964 veram
510 2912 943 2984 abnegationem
969 2914 1082 2970 mei
1114 2914 1311 2984 ipsius,
1344 2911 1619 2967 abdicatis
1652 2911 1902 2975 externis
1928 2909 2335 2981 cupiditatibus

292 3014 350 3061 et
376 3008 723 3063 secularibus
757 3009 1071 3079 desideriis,
1101 3018 1298 3081 parato
1332 3018 1390 3064 et
1422 3026 1566 3079 puro
1600 3008 1788 3062 animo
1825 3007 2054 3063 Christo
2087 3006 2340 3062 Domino

291 3121 395 3172 pro
432 3122 534 3158 sua
566 3106 917 3176 beneplacita
949 3108 1245 3161 voluntate
1281 3105 1494 3161 servire
1526 3123 1628 3176 pro
1654 3104 1871 3159 viribus
1909 3104 2335 3169 contenderem,

293 3200 496 3254 studiis
530 3202 854 3257 melioribus
880 3221 1141 3259 vacarem
1175 3202 1276 3269 sie,
1309 3211 1374 3256 ut
1406 3220 1508 3273 per
1534 3200 1776 3272 gratiam
1810 3200 2060 3255 divinam
2093 3199 2339 3271 primum

295 3295 469 3350 vitam
505 3316 684 3353 meam
718 3308 873 3353 recte
906 3299 1291 3367 instituerem,
1329 3299 1534 3354 deinde
1579 3297 1746 3364 alios,
1784 3305 2067 3367 quatenus
2099 3296 2347 3352 idoneus

296 3391 578 3448 invenirer
604 3404 661 3450 et
688 3396 760 3449 ad
795 3397 905 3451 tale
938 3415 1147 3451 munus
1180 3398 1434 3461 vocarer,
1463 3394 1582 3449 vita
1607 3403 1665 3449 et
1690 3396 1867 3448 verbo
1901 3394 2181 3449 instruere
2207 3409 2341 3462 pos·

297 3506 435 3543 sem.
476 3491 642 3558 Nam,
675 3491 943 3560 quicquid
978 3501 1355 3560 attentarem,¹
1376 3510 1449 3562 eo,
1484 3509 1706 3562 semper
1739 3490 2071 3544 inclinatum
2099 3487 2347 3543 maxime

296 3583 547 3639 animum
593 3585 802 3653 inveni,
842 3596 1012 3657 atque
1046 3587 1397 3642 inclinationi
1442 3586 1577 3641 huic
1623 3587 1984 3657 acquiescere
2018 3584 2174 3640 cordi
2208 3583 2335 3637 fuit.

299 3680 415 3735 Sed
442 3683 546 3735 hac
580 3681 819 3748 ratione,
851 3691 914 3735 ut
941 3701 1300 3754 quocumque
1327 3702 1417 3739 me
1445 3682 1590 3738 trahi
1617 3691 1717 3737 aut
1742 3681 1937 3737 vocari
1963 3681 2022 3735 in
2049 3688 2343 3752 posterum
