2618 4152
1067 292 1140 326 AD
1171 291 1454 327 LECTOREM
2253 304 2282 347 9

242 405 352 461 nisi
378 405 474 460 illa
499 404 742 459 subinde
767 405 1043 477 cogitatio
1088 387 1485 463 obversaretur
1520 407 1727 475 anim0‚
1766 428 1862 466 eas
1888 411 2152 467 nimirum
2186 424 2286 468 aut

239 516 422 572 editas
440 516 559 587 jam
588 534 732 583 esse,
758 525 857 572 aut
884 518 956 572 ad
982 535 1215 572 suorum
1242 525 1540 572 auctorum
1566 519 1874 589 volumina,
1900 531 2184 593 tamquam
2212 527 2284 580 ad

243 627 527 698 propriam
555 628 769 694 sedem,
801 621 1089 683 reservari.

354 753 406 792 2.
487 740 761 794 EXTERNI
790 756 925 794 vero
950 758 984 793 a
1005 737 1291 795 Societate
1309 739 1568 796 homines
1589 740 1842 811 undique
1862 744 2159 799 consilium
2180 765 2282 817 pe-

242 849 396 903 tendi
429 849 614 920 gratia
647 859 746 904 aut
791 849 1128 920 expediendi
1166 849 1457 922 religionis
1492 851 1725 922 negotia
1758 853 1829 906 ad
1863 842 2147 925 Ignatium
2181 876 2283 928 per

234 959 504 1031 epistolas
558 961 949 1016 accurrebant.
991 959 1087 1016 Sic
1121 961 1444 1017 Florentius
1480 963 1746 1018 Pauletto
1789 964 1862 1020 de
1902 967 2282 1035 orphanorum

235 1070 593 1130 institutione
624 1070 912 1142 Ignatium
944 1074 1053 1126 hoc
1099 1089 1249 1126 anno
1294 1073 1544 1127 consulit
1572 1074 1630 1145 (8
1678 1074 1898 1145 Febr.):
1947 1076 2283 1132 Dominicus

236 1181 507 1254 Numagli
526 1181 810 1253 Ignatium
837 1181 896 1236 in
916 1184 1291 1238 hebraeorum
1314 1184 1564 1239 favorem
1591 1185 1663 1240 ad
1690 1184 1982 1240 Christum
2004 1189 2284 1242 acceden-

241 1292 381 1347 tium
408 1300 708 1364 patronum
736 1293 968 1348 adhibet
996 1295 1049 1367 (9
1082 1295 1128 1348 F
1131 1295 1294 1364 ebr.):
1326 1294 1408 1349 sic
1437 1297 1644 1352 Petrus
1669 1298 2003 1351 Domenech
2029 1298 2088 1352 in
2115 1299 2283 1353 Lusi-

239 1403 392 1458 tania
435 1404 560 1458 vult
593 1412 658 1457 ut
703 1404 961 1461 Societas
1001 1407 1386 1477 orphanorum
1431 1406 1888 1477 procurationem
1932 1408 2203 1480 suscipiat
2230 1410 2278 1482 (1

238 1514 464 1587 Martii):
503 1515 587 1569 sic
632 1516 860 1571 demum
902 1516 1158 1589 virgines
1196 1519 1321 1573 Deo
1360 1536 1555 1574 sacrae
1601 1538 1672 1574 ex
1698 1519 2094 1576 barcinonensi
2123 1521 2276 1576 Stae.

234 1626 438 1683 Clarae
464 1626 741 1682 coenobio
768 1628 971 1685 litteris
998 1628 1283 1700 Ignatium
1305 1641 1563 1697 onerant,
1595 1648 1727 1685 cum
1754 1630 2016 1685 solatium
2049 1649 2116 1686 ac
2143 1650 2282 1686 con—

230 1736 420 1803 silium
446 1739 518 1793 ab
550 1757 620 1794 eo
648 1740 1025 1810 deprecandO,
1058 1748 1179 1813 tum
1206 1741 1299 1795 vel
1324 1741 1567 1797 maxime
1594 1741 1654 1795 in
1680 1741 1981 1798 Societatis
2008 1742 2282 1798 obedien-

232 1846 366 1901 tiam
393 1865 460 1902 ac
479 1848 832 1920 disciplinam
860 1869 986 1907 sese
1005 1847 1417 1908 Committendo
1446 1853 1557 1925 (10,
1596 1869 1659 1908 12
1680 1855 1836 1926 Jan.,
1866 1855 2035 1908 Febr.
2074 1853 2280 1910 ineun—

230 1965 308 2024 te,
342 1974 406 2014 21
438 1960 713 2030 ejusdem,
746 1961 781 2015 6
808 1961 1016 2028 Martii,
1051 1979 1081 2032 3
1111 1963 1319 2034 April.‚
1358 1979 1423 2032 14
1449 1964 1606 2035 Maji,
1646 1966 1708 2019 18
1746 1966 1981 2034 Octob.‚
2016 1982 2047 2035 3
2082 1966 2274 2036 Now).

233 2068 459 2138 Quibus
483 2070 615 2140 jure
648 2072 893 2127 addendi
920 2082 1055 2127 sunt
1101 2076 1410 2130 Mazzocho
1429 2117 1442 2142 ,
1480 2076 1859 2131 Lombardelli
1897 2085 1955 2132 et
1989 2077 2280 2132 Antonius

227 2179 303 2233 de
323 2181 550 2235 Casula:
582 2181 675 2237 ille
702 2192 967 2237 navatam
988 2202 1021 2238 a
1043 2185 1373 2243 Salmerone
1395 2187 1619 2243 Belluni
1640 2206 1868 2259 operam
1890 2189 2166 2243 extollens
2188 2191 2276 2259 (22

232 2291 452 2363 April.),
482 2292 542 2347 hi
575 2293 648 2350 de
680 2294 902 2350 reddito
936 2296 1220 2351 casulanis
1247 2298 1506 2353 Landino
1540 2299 1753 2371 gratias
1787 2299 2011 2371 Ignatio
2047 2300 2278 2371 amplis-

230 2401 388 2457 simis
413 2404 602 2460 verbis
635 2407 1027 2476 persolventes
1056 2407 1144 2480 (15
1167 2408 1325 2481 Julii,
1365 2424 1429 2478 17
1456 2411 1652 2480 Nov,).

1025 2635 1292 2691 ANNUS
1339 2648 1479 2705 1550

339 2854 452 2910 Hic
471 2873 655 2910 annus
682 2855 949 2927 epistolas
976 2867 1239 2912 numerat
1264 2859 1394 2930 plus
1420 2858 1681 2914 minusve
1710 2873 1799 2929 50.

339 2967 560 3021 Harum
590 2984 660 3036 3o
687 2967 968 3022 sociorum
995 2978 1155 3037 sunt3
1182 2970 1432 3040 reliquae
1459 2980 1843 3027 externorum.

347 3093 394 3132 1.
474 3079 789 3135 SOCIORUM
817 3080 1090 3151 epistolae
1115 3099 1207 3136 res
1240 3082 1311 3136 ad
1347 3082 1649 3157 Societatis
1683 3082 1974 3137 historiam
2008 3075 2295 3153 spectem?

231 3197 316 3244 tes
342 3189 676 3260 plerumque
705 3199 967 3246 tractant.
1393 3169 1396 3172 Δ

336 3305 399 3370 a)
474 3302 781 3359 Pauciores
826 3322 996 3373 quam
1031 3304 1307 3376 superiori
1343 3324 1495 3360 anno
1531 3323 1602 3359 ex
1637 3306 1930 3376 Hispania
1964 3304 2265 3370 habentur;

224 3429 332 3468 nec
358 3430 531 3468 causa
555 3413 798 3468 difficilis
832 3414 1069 3470 inventu
1103 3421 1209 3471 est.
1244 3417 1391 3472 Cum
1427 3416 1598 3483 enim,
1631 3424 1959 3471 recurrente
1986 3418 2092 3469 hoc
2119 3432 2268 3468 anno

231 3536 390 3592 1550,
415 3523 650 3594 jubilaei
696 3525 998 3581 sanctitate
1043 3536 1312 3598 augustO,
1352 3535 1645 3583 evocasset
1679 3526 1934 3598 Ignatius
1974 3528 2206 3580 Romam
2235 3544 2267 3578 e

220 3633 435 3690 dissitis
480 3637 740 3708 Europae
779 3637 1035 3709 partibus
1075 3641 1275 3693 Patres
1310 3638 1783 3709 quamplurimOS,
1815 3637 2160 3704 ivissentque
2195 3652 2268 3687 ex

226 3745 505 3818 Hispania
523 3746 671 3802 inter
690 3747 830 3802 alios
849 3766 980 3803 cum
1002 3751 1045 3803 F
1050 3750 1305 3804 rancisco
1327 3749 1557 3820 Borgia,
1579 3750 1785 3816 AraOZ,
1809 3748 2065 3812 Estrada,
2089 3744 2261 3799 Ovie-
