2658 4296
364 250 451 306 546
1044 248 1342 292 EPISTOLAE
1366 241 1728 300 MthAE-369

353 339 564 424 statem
598 359 929 422 absolvendi
974 367 1045 421 ab
1091 365 1310 422 haeresi
1341 381 1520 434 usque
1552 363 1624 418 ad
1671 363 1878 418 festum
1921 361 2169 418 Bavonis
2207 363 2244 430 ¹3
2276 381 2408 430 nam

361 467 510 521 ultro
534 482 635 536 per
660 462 875 518 medios
902 481 1082 518 annos
1108 461 1244 516 mihi
1271 461 1509 527 confert,
1541 459 1623 514 sic
1651 467 1714 513 ut
1739 458 1983 530 singulis
2010 458 2211 515 mediis
2245 458 2411 517 annis

356 560 602 616 indicem
641 558 694 615 ei
738 567 1082 630 potestatem
1120 575 1302 612 meam
1337 555 1614 627 expirare,
1652 563 1711 609 et
1750 554 1996 625 aliquem
2030 573 2133 612 seu
2177 555 2404 626 aliquos

357 675 485 712 esse
519 656 916 711 absolvendos,

469 751 644 807 Novit
676 751 908 823 insuper
941 751 1257 807 reverentia
1289 759 1479 804 vestra
1513 748 1668 818 quod
1701 747 1841 802 satis
1876 766 2116 820 egemus
2152 750 2399 819 quodam
2426 753 2428 755 ’

350 848 529 915 laic0,
580 848 678 918 qui
723 847 797 902 sit
841 847 1195 920 intelligens,
1246 846 1343 916 qui
1387 844 1655 913 culinam,
1704 845 1936 898 domum
1970 853 2029 900 et
2061 845 2170 901 alia
2213 855 2398 915 curet,

356 945 548 1017 pueris
588 945 740 1002 enim
773 946 843 1000 ad
878 944 1108 999 minima
1142 961 1400 1014 quaeque
1447 959 1628 1011 usque
1673 940 1917 998 dicenda
1943 949 2001 997 et
2045 941 2402 1015 injungenda

357 1050 511 1096 sunt:
543 1042 695 1112 quod
728 1040 866 1095 mihi
902 1059 1021 1095 non
1054 1058 1253 1112 parum
1297 1040 1597 1093 molestum
1634 1046 1740 1104 est,
1780 1055 1911 1092 cum
1947 1038 2054 1093 alia
2089 1057 2156 1093 ac
2187 1038 2404 1094 maiora

356 1131 694 1201 praestanda
720 1138 884 1184 sunt.·
900 1132 1002 1184 Est
1027 1138 1217 1185 autem
1243 1128 1336 1181 hic
1363 1126 1599 1182 Lovanii
1626 1126 1805 1182 laicus
1833 1126 2082 1197 quidam,
2123 1127 2221 1198 qui
2250 1129 2395 1199 jam-

352 1227 453 1280 diu
479 1245 611 1281 cum
639 1244 815 1281 uxore
842 1244 946 1280 sua
971 1244 1107 1281 sene
1133 1224 1295 1279 nobis
1322 1225 1619 1278 confessus
1645 1233 1752 1279 est:
1785 1225 2113 1294 frequenter
2139 1241 2395 1290 commus

353 1322 584 1389 nicavit,
609 1331 667 1379 et
692 1340 823 1377 cum
850 1339 1131 1377 consensu
1163 1320 1454 1389 utriusque
1473 1320 1533 1374 in
1560 1319 1821 1376 castitate
1838 1320 2000 1375 vivit:
2028 1321 2112 1375 vir
2131 1321 2392 1394 simplex,

353 1418 682 1490 intelligens
709 1427 767 1475 et
802 1418 1005 1474 timens
1040 1420 1245 1483 Deum,
1284 1435 1399 1471 non
1433 1417 1649 1472 habens
1684 1418 1891 1488 proles,
1931 1436 2106 1473 sanus
2138 1426 2197 1473 et
2231 1418 2395 1474 fortis

345 1532 607 1586 corpore,
639 1517 791 1586 apud
825 1534 1021 1570 omnes
1058 1515 1221 1570 valde
1254 1513 1661 1570 aedificativus.
1695 1514 1850 1569 Huic
1876 1532 1978 1585 per
2005 1515 2239 1571 tertiam¹
2262 1534 2393 1587 per-

351 1604 548 1666 sonam
568 1611 715 1681 jussi
741 1611 977 1682 proponi
999 1630 1069 1666 an
1096 1611 1266 1664 vellet
1292 1619 1484 1664 noster
1511 1628 1637 1666 esse
1671 1628 1891 1681 coquus
1921 1619 1980 1666 et
2012 1611 2211 1668 laicus:
2250 1603 2393 1669 haec

350 1724 482 1761 cum
508 1707 798 1778 proposita
823 1716 1032 1773 essent,
1058 1716 1170 1762 tam
1197 1725 1336 1760 vxor
1363 1725 1530 1776 quam
1557 1706 1646 1761 vir
1671 1706 1794 1778 ipse
1819 1725 1956 1779 prae
1983 1708 2157 1763 nimio
2177 1709 2392 1781 gaudio

349 1803 761 1873 provolvuntur
811 1805 883 1857 ad
934 1822 1142 1874 genua,
1198 1803 1530 1874 plicatisque
1576 1804 1839 1886 manibus
1884 1805 2133 1860 Domino
2179 1805 2394 1877 gratias

348 1907 550 1970 agunt,
575 1899 682 1953 sibi
710 1908 910 1954 mutuo
936 1900 1205 1954 dicentes:
1238 1917 1371 1955 ecce
1398 1899 1549 1954 istud
1572 1909 1680 1967 est,
1705 1919 1808 1972 pro
1835 1919 1949 1972 quo
1969 1904 2392 1958 hactenusDo·

346 1995 563 2049 minum
590 1995 938 2067 rogavimuS,
971 2005 1079 2051 etc,
1106 1998 1230 2067 Ego
1250 2015 1386 2051 vero
1407 1996 1515 2051 illis
1536 1998 1794 2052 nondum
1817 2016 1942 2053 sum
1964 1999 2257 2069 loquutuS,
2283 2018 2391 2055 nec

346 2090 650 2161 quicquam
671 2091 872 2146 faciam
899 2091 1020 2146 sine
1046 2092 1279 2147 consilio
1307 2101 1364 2148 et
1391 2111 1672 2148 consensu
1704 2095 1771 2148 P.
1804 2096 1999 2151 Vtrae.
2034 2096 2245 2150 Adhuc
2272 2115 2388 2151 non

342 2203 527 2256 usque
552 2188 694 2244 adeo
719 2205 977 2259 egemUS,
1007 2207 1136 2243 nam
1163 2190 1438 2259 quaedam
1467 2189 1676 2244 familia
1701 2189 1800 2244 diu
1828 2192 2071 2246 multum
2098 2191 2258 2247 flexis
2279 2211 2387 2264 ge·-

341 2282 511 2337 nibus
537 2283 765 2355 rogavit
791 2302 915 2350 nOS,
947 2292 1010 2339 ut
1036 2294 1224 2355 posset
1251 2285 1415 2340 nobis
1444 2286 1635 2340 omnia
1660 2287 1980 2343 necessaria
1998 2306 2188 2343 emere
2207 2297 2267 2345 et
2285 2307 2387 2344 co—

342 2396 536 2448 quere,
569 2387 627 2435 et
653 2388 815 2434 cocta
836 2379 1057 2435 mittere
1085 2382 1155 2435 ad
1174 2382 1407 2436 domum
1435 2391 1705 2449 nostram,
1731 2383 1985 2455 exceptis
2013 2360 2236 2456 semper
2262 2404 2385 2441 me-

340 2483 533 2530 nestra
558 2483 617 2528 et
643 2474 920 2530 similibus
940 2476 1044 2530 his.

452 2572 654 2626 Valeat
679 2571 740 2625 in
765 2572 992 2625 domino
1019 2575 1158 2644 Jesu
1195 2575 1503 2643 paternitas
1537 2586 1747 2644 vestra,
1787 2586 1846 2633 et
1885 2597 1990 2633 nos
2017 2578 2136 2633 suis
2173 2577 2385 2633 oratio—

337 2666 508 2721 nibus
528 2666 854 2736 sanctisque
881 2668 1159 2723 sacrifitiis
1186 2673 1611 2733 commendatos
1633 2675 1844 2730 habere
1863 2674 2154 2746 dignetur.

449 2762 676 2834 Raptim
703 2763 938 2818 Lovanii
967 2778 997 2831 7
1027 2765 1236 2835 Aprilis
1265 2786 1413 2822 anno
1439 2769 1668 2823 Domini
1698 2784 1856 2839 1551.

634 2861 702 2914 R.
736 2860 808 2913 V.
835 2877 1031 2914 servus
1058 2860 1116 2914 in
1142 2862 1411 2930 DominO,

1068 2958 1387 3015 ADRIANUS
1417 2961 1682 3017 ADRIANI
1712 2965 1783 3016 ab
1813 2965 2150 3036 Antuerpia.

446 3051 772 3121 Inscriptio:
791 3053 914 3123 Jhs.
948 3053 1093 3107 Rdo.
1144 3053 1202 3106 in
1236 3057 1345 3109 X.0
1380 3058 1536 3110 Patri
1572 3061 1728 3130 Mag.
1769 3060 1992 3132 Ignatio
2028 3062 2100 3117 de
2134 3063 2375 3133 Loyola,

274 3151 280 3156 “
333 3146 654 3217 praeposito
689 3146 989 3203 Societatis
1016 3150 1174 3219 Jesu,
1213 3169 1387 3222 prope
1422 3153 1481 3208 S.
1524 3157 1800 3222 Marcum,
1841 3156 1899 3210 in
1936 3159 2055 3213 Sta.
2101 3158 2379 3215 Maria'de

334 3243 559 3298 Strada.
591 3244 821 3297 Romae.
1765 3240 1770 3245 ’

419 3447 434 3473 ¹
502 3449 566 3492 1.⁸
587 3447 837 3506 Octobris,
858 3463 953 3508 quo
976 3449 1054 3494 die
1083 3449 1262 3495 festum
1287 3453 1377 3498 Sti.
1397 3456 1609 3501 Bavonis
1634 3459 1813 3516 agitur.
