2658 4296
328 263 417 321 582
996 259 1292 303 EPISTOLAE
1325 248 1687 304 M1xrAE-384

326 387 685 462 procedendo
711 386 859 441 dalla
884 384 996 440 mia
1023 392 1223 454 troppo
1249 375 1669 452 pusillanimita.
1701 370 1876 428 Voria
1901 369 2080 426 servir
2101 387 2134 424 a
2161 377 2311 425 tutto
2330 369 2375 423 il

327 484 558 550 mond0,
589 490 647 539 et
671 480 904 538 masime
938 500 971 536 a
997 481 1076 553 gl’
1114 470 1579 534 affetionatissimi
1614 488 1647 524 a
1673 470 1747 525 V.
1778 469 1848 523 R.
1887 475 1946 522 et
1978 466 2087 521 alla
2121 467 2370 537 Compa-
2456 519 2467 532 ⁴

318 580 484 654 guia.
516 578 674 650 Quid
698 578 927 650 prodest
953 574 1187 641 homini,
1213 593 1241 628 s
1287 570 1615 626 universum
1639 564 1917 620 mundum
1943 563 2218 630 lucretur,
2241 561 2369 617 ani—

327 695 455 733 mae
481 693 621 732 uero
647 691 786 730 suae
811 673 1211 730 detrimentum
1231 667 1502 740 patiatur?
1533 666 1546 691 ¹

440 773 505 827 In
531 771 790 842 Bologna
815 771 854 824 l'
878 777 1074 824 ottauo
1092 768 1150 821 d'
1180 768 1403 836 Agosto
1437 773 1594 830 1551.

443 869 600 924 Sono
628 867 682 921 al
707 865 875 922 solito
901 864 1211 935 indisposto
1238 860 1330 916 del
1355 875 1542 929 corpo,

443 964 488 1018 Il
515 962 833 1035 vicelegato
858 962 878 988 ‘²
900 964 965 1018 fn'
986 978 1117 1015 *ama
1136 958 1330 1022 molto,
1355 963 1412 1010 et
1431 954 1551 1008 fara
1571 952 1775 1007 alcune
1801 947 2144 1006 essecution’
2175 955 2379 1003 contra

333 1059 416 1132 gli
441 1057 660 1126 discoli,
690 1066 749 1113 et
775 1057 852 1111 mi
879 1058 943 1111 fa'
962 1074 1076 1110 una
1109 1055 1308 1111 lettera
1334 1068 1434 1122 per
1467 1048 1744 1103 riformar'
1773 1047 1978 1103 alcune
2012 1061 2253 1115 persone
2278 1044 2376 1098 nel

337 1163 532 1210 nostro
558 1152 899 1209 monasterio
926 1151 983 1206 di
1012 1150 1234 1206 Casola:
1267 1147 1314 1202 si
1340 1146 1598 1201 confessa
1625 1142 1785 1214 quiui
1811 1141 1950 1214 ogni
1974 1139 2034 1195 di
2063 1159 2164 1212 per
2191 1139 2381 1212 gratia.

341 1251 436 1308 del
464 1249 694 1322 Signor.

453 1346 775 1416 Inscriptio:
803 1343 839 1416 4,·
867 1329 943 1398 ΑΙ
969 1342 1081 1396 mio
1115 1342 1291 1396 molto
1327 1340 1471 1394 Rdo.
1507 1338 1693 1392 Padre
1726 1336 1822 1390 nel
1846 1343 2043 1391 nostro
2072 1333 2304 1406 Signor‚
2335 1333 2376 1387 il

342 1446 408 1499 Ρ.
450 1444 528 1497 Μ.
569 1439 811 1513 IgnatiO,
850 1437 1132 1510 preposito
1168 1435 1501 1508 dignissimo
1535 1433 1683 1488 della
1718 1431 2079 1503 Compagnia
2111 1431 2184 1487 de
2210 1431 2376 1504 Jesu,

342 1539 404 1593 in
430 1541 627 1594 Roma.

460 1632 677 1705 Coppia
710 1615 765 1686 d'
804 1650 918 1686 una
944 1630 1001 1685 di
1039 1629 1366 1701 monsignor
1392 1627 1449 1682 di
1485 1628 1748 1693 Modena,
1787 1626 1920 1696 qual
1946 1644 2124 1697 pensa
2151 1627 2242 1680 ch'
2274 1644 2381 1680 an-

343 1748 478 1786 cora
503 1729 557 1783 io
585 1747 700 1783 non
728 1727 811 1783 sia
835 1726 1043 1799 partito
1068 1727 1140 1780 da
1167 1726 1410 1781 Modena
1437 1726 1477 1779 ⁵.

459 1825 496 1899 †
536 1825 713 1880 Molto
741 1825 886 1879 Rdo.
917 1826 988 1878 D.
1022 1822 1319 1879 SiluestrO.

459 1923 592 1977 Non
625 1939 797 1975 senza
837 1918 1106 1975 lachrime
1145 1921 1219 1973 ho
1253 1919 1391 1974 letto
1424 1926 1639 1988 quanto
1681 1916 1758 1971 mi
1791 1916 2078 1983 scriuetti,
2110 1918 2183 1971 ne
2223 1933 2286 1970 so
2322 1915 2386 1969 in

351 2026 554 2090 questo
587 2016 851 2088 imputar’
895 2017 1037 2071 altro
1071 2018 1161 2070 ch'
1191 2015 1209 2068 i
1235 2014 1364 2070 miei
1398 2013 1583 2086 pecati
1618 2023 1675 2069 et
1701 2014 1739 2068 1’
1770 2013 2182 2086 ingratitudine
2220 2021 2383 2069 usata

350 2132 517 2169 uerso
542 2113 656 2169 Dio
684 2112 741 2166 di
769 2121 971 2182 questo
1006 2111 1282 2168 beneficio
1310 2114 1400 2166 ch'
1432 2110 1547 2182 egli
1579 2112 1658 2165 m’
1688 2113 1762 2165 ha
1795 2111 1938 2165 fatto
1965 2109 2023 2164 di
2044 2109 2385 2182 preualermi
2418 2149 2420 2153 v

348 2211 476 2266 dell'
507 2228 646 2281 opra
670 2217 881 2263 vostra.
913 2207 1037 2263 Fiat
1064 2208 1327 2263 uoluntas
1354 2207 1606 2263 Domini.
1640 2207 1897 2279 Bisogna
1919 2206 2124 2261 ubidir’
2148 2225 2180 2260 a
2201 2205 2387 2261 nostri

347 2305 650 2378 maggiori;
681 2313 739 2360 et
765 2302 888 2359 cosi
918 2307 1060 2359 com'
1098 2304 1152 2359 io
1178 2306 1253 2358 ho
1279 2305 1487 2359 lassato
1522 2304 1769 2360 Modena
1794 2321 1897 2375 per
1921 2301 2224 2375 vbedirgli,
2265 2301 2387 2357 cosi

350 2402 428 2458 mi
454 2402 640 2459 debbe
674 2402 988 2457 contentar’
1028 2403 1131 2455 che
1170 2401 1406 2456 facciate
1441 2400 1554 2456 uoi.
1587 2404 1684 2457 Ma
1716 2402 1925 2472 perche
1951 2419 2056 2455 son
2095 2407 2251 2455 certo
2279 2401 2390 2454 che

351 2506 547 2553 nostro
573 2497 769 2568 signor
794 2494 851 2569 [il
879 2496 1041 2571 papa]
1068 2515 1182 2551 non
1207 2516 1269 2552 sa
1294 2497 1334 2551 il
1359 2497 1603 2569 bisogno
1630 2506 1688 2554 et
1708 2499 1763 2553 la
1789 2496 2073 2555 necessita
2098 2495 2155 2551 di
2184 2503 2391 2567 questa

352 2593 509 2660 citta,
538 2611 656 2647 non
681 2593 853 2649 credo
879 2595 986 2650 che
1012 2592 1093 2648 sia
1126 2603 1324 2649 contra
1357 2595 1397 2647 l’
1429 2594 1730 2650 ubidienza
1757 2597 2025 2666 espettar’
2062 2594 2253 2663 quello
2279 2594 2392 2649 che·

354 2690 437 2745 sia
473 2689 531 2743 di
559 2689 791 2744 uolonta
817 2689 875 2743 di
902 2690 1019 2746 Sua
1045 2688 1160 2747 Sta
1189 2692 1414 2761 quando
1449 2693 1629 2747 haura
1654 2691 1840 2747 inteso
1869 2690 2009 2763 ogni
2042 2708 2193 2745 cosa.
2226 2690 2271 2744 Il
2297 2707 2390 2745 re-

355 2785 765 2841 uerendissimo
791 2786 981 2857 legato
1007 2794 1205 2841 nostro
1234 2788 1312 2859 gl'
1336 2790 1411 2842 ha
1438 2788 1654 2855 scrittO,
1686 2797 1744 2843 et
1763 2788 1819 2843 io
1845 2806 2072 2855 ancora;
2104 2786 2164 2840 in
2190 2785 2394 2842 brieue

356 2900 419 2937 se
445 2881 673 2936 rihaura
699 2880 957 2952 risposta:
989 2881 1036 2936 si
1063 2881 1180 2937 cosi
1209 2886 1333 2938 sara
1359 2883 1397 2937 il
1424 2885 1600 2940 uoler'
1632 2903 1758 2954 suo,
1783 2902 1899 2939 non
1921 2883 1980 2938 ui
1999 2883 2280 2939 rimanera
2305 2882 2393 2936 al-

449 3097 464 3124 ¹
527 3096 741 3142 MATTH.
767 3107 874 3156 xv1,
898 3097 971 3141 26.
1054 3147 1056 3149 ,

445 3172 464 3198 ²
525 3169 856 3230 Hieronymus
894 3171 1054 3229 Sauli,
1092 3174 1358 3231 genuensis
1397 3175 1809 3236 archiepiscopus,
1848 3176 2098 3222 Bononiae
2129 3176 2398 3234 vice-lega-

358 3249 456 3288 tuS.
485 3244 790 3302 POLANCUS,
821 3251 862 3290 t.
899 3256 952 3303 11,
983 3261 1097 3305 pag.
1138 3248 1243 3304 8013
1282 3250 1504 3295 Litterae
1537 3251 1968 3307 QuadrimestreS,
2008 3257 2045 3296 t.
2076 3261 2112 3310 1,
2141 3264 2255 3310 pag.
2285 3249 2396 3308 6793

363 3316 547 3362 Cartas
567 3319 626 3362 de
649 3318 756 3363 San
776 3318 999 3378 Ignacio‚
1027 3329 1062 3366 t.
1087 3334 1139 3378 11,
1164 3337 1275 3381 pag.
1298 3333 1386 3380 427
1408 3330 1458 3368 et
1479 3323 1590 3381 234;
1616 3324 1706 3382 434
1727 3331 1778 3370 et
1799 3326 1906 3384 256,
1930 3331 2032 3370 ete.

450 3390 469 3416 ³
529 3391 586 3435 In
608 3390 779 3436 eadem
800 3393 983 3452 charta,
1007 3410 1055 3439 n.
1080 3395 1155 3452 60,
1188 3412 1332 3442 manu
1361 3398 1513 3457 ipsius
1538 3399 1764 3444 Silvestri
1787 3399 2014 3445 Landini.
2039 3401 2189 3445 Porro
2211 3399 2402 3459 episco-

362 3476 453 3521 pus
474 3463 766 3510 mutinensis
796 3472 872 3511 est
895 3480 1041 3526 saepe
1071 3469 1293 3515 laudatus
1325 3471 1563 3528 Aegidius
1593 3473 1864 3532 Foscarari,
1887 3473 1971 3533 qui
1994 3479 2111 3518 tunc
2132 3470 2405 3518 tridentino

363 3537 572 3582 concilio
593 3538 845 3584 intererat.
869 3540 995 3585 Vide
1025 3542 1297 3602 POLANCO,
1322 3550 1362 3589 t.
1399 3557 1452 3604 11,
1478 3560 1595 3605 pag.
1628 3558 1734 3606 202,
1757 3562 1812 3592 n.
1841 3547 1916 3605 80,
1941 3554 2106 3593 annot.
2135 3558 2179 3606 1,
2201 3553 2252 3592 et
2273 3559 2391 3605 pag.

274 3632 280 3637 ·
365 3610 470 3668 203,
493 3627 543 3659 n.
566 3611 640 3657 83.
659 3613 873 3669 Etenim,
896 3621 950 3660 ut
967 3615 1037 3661 ibi
1053 3624 1299 3675 postremo
1316 3621 1422 3664 loco
1440 3620 1634 3677 dicitur,
1655 3622 1901 3679 «graviter
1910 3620 2137 3668 'tulerunt
2154 3619 2398 3666 mutinen-

365 3699 445 3729 ses
467 3686 522 3730 P.
547 3686 776 3733 Silvestri
797 3702 1064 3749 recessum,
1088 3697 1139 3735 et
1160 3692 1307 3751 aliqui
1336 3694 1588 3754 utriusque
1612 3710 1759 3740 sexus
1781 3696 2005 3742 homines
2028 3695 2245 3757 primarii
2266 3695 2398 3741 litte-

362 3758 433 3803 ris
453 3759 509 3804 P.
533 3761 779 3818 Ignatium
801 3764 1060 3823 urgebant,
1084 3771 1138 3810 ut
1158 3780 1299 3811 suum
1321 3767 1515 3813 Patrem
1537 3768 1656 3828 ipsis
1678 3771 2010 3816 restitueret».
