2618 4152
1140 186 1198 220 22
1228 176 1355 231 MAJI
1392 186 1506 233 1549
2257 185 2346 230 215

288 307 377 363 los
403 310 708 363 hermanos
741 310 904 360 estan
937 306 1179 369 buenOS,
1217 301 1453 358 bendito
1489 310 1723 356 nuestro
1770 302 1972 357 Sefior.
2026 303 2218 356 Todos
2242 320 2350 357 nos

293 402 774 460 encomendamos
801 419 874 457 en
900 402 985 454 las
1012 398 1307 453 oraciones
1334 399 1406 452 de
1434 400 1507 453 V.
1542 400 1608 452 P.
1640 415 1678 467 y
1713 397 1785 450 de
1812 407 2076 452 nuestros
2110 397 2348 452 charisi-

293 517 419 554 mos
446 499 662 553 Padres
688 515 726 567 y
751 499 1056 551 hermanos
1082 513 1155 551 en
1186 495 1240 548 el
1267 495 1452 550 Sefior
1477 501 1737 558 nuestrO,
1770 510 1882 561 que
1909 511 2010 562 por
2038 511 2107 547 su
2126 493 2350 548 infinita

293 612 334 666 y
360 613 582 650 summa
607 594 837 648 bondad
861 581 968 647 nos
994 592 1067 646 de
1093 609 1162 645 su
1189 589 1384 661 gracia
1410 608 1546 660 para
1573 606 1685 659 que
1713 607 1786 644 en
1814 589 1947 642 todo
1973 590 2252 660 hagamos
2277 607 2347 645 su

293 691 654 747 sanctissima
673 690 968 745 voluntad.
1003 690 1212 744 Amen.

404 790 494 842 De
520 787 749 842 Gaudia
775 790 809 840 a
838 801 910 840 2o
936 787 1008 839 de
1036 786 1207 854 Mayo
1242 795 1402 854 1549.

441 887 531 940 De
552 886 623 939 V.
653 885 720 938 P.
753 881 1057 938 obediente
1082 879 1201 950 hijo
1229 898 1302 936 en
1330 880 1383 935 el
1411 880 1596 935 Sefior
1622 864 1880 943 nuestro,

1533 977 1789 1031 ANDRES
1829 973 2154 1045 publicano.

406 1174 739 1244 Inscriptio:
773 1127 898 1245 Jis1s.
932 1173 1010 1227 Al
1034 1190 1173 1242 muy
1206 1171 1351 1225 Rdo.
1395 1171 1580 1224 Padre
1607 1177 1845 1223 nuestro
1872 1185 1945 1224 en
1972 1169 2082 1222 X.0
2114 1175 2347 1222 nuestro

294 1279 484 1337 senor,
517 1272 571 1328 el
600 1272 668 1325 P.
702 1272 872 1324 Mtr0.
913 1267 1147 1340 Ignacio
1186 1269 1258 1322 de
1296 1268 1534 1338 Loyola,
1586 1265 1871 1337 preposito
1920 1264 2153 1336 general
2179 1264 2250 1319 de
2293 1265 2348 1317 la

295 1370 614 1439 Compafiia
639 1368 712 1423 de
732 1368 882 1439 Jhs,
908 1384 981 1422 en
1008 1367 1207 1419 Roma.

1246 1660 1391 1711 251

1063 1787 1327 1833 CAESAR
1359 1786 1569 1831 HELMI

760 1907 1017 1983 [PATRI
1057 1907 1487 1964 siLvEsrRo
1530 1881 1875 1979 LANDINIJ

968 2050 1220 2086 FULGINIO
1253 2051 1310 2084 22
1340 2051 1458 2093 MAJI
1493 2049 1607 2096 1549
1642 2041 1675 2083 ¹.

1084 2160 1305 2219 Epistola
1326 2160 1562 2205 officiosa.

1248 2294 1251 2296 v
1306 2264 1335 2307 †

1250 2313 1375 2384 Jhs.
1988 2382 1990 2384 ι

398 2431 544 2485 Rdo.
578 2430 765 2486 Padre
792 2430 835 2484 ².
868 2430 986 2484 Alli
1014 2446 1079 2485 21
1113 2430 1207 2485 del
1233 2435 1498 2500 presente
1525 2426 1790 2484 riceuetti
1815 2444 1931 2479 vna
1956 2424 2015 2478 di
2042 2426 2115 2480 V.
2147 2426 2216 2478 R.
2251 2425 2345 2489 Ρ.,

283 2546 320 2581 a
346 2546 438 2583 me
463 2526 612 2581 assai
646 2535 830 2598 grata,
871 2535 928 2582 et
962 2526 1148 2581 inteso
1182 2534 1399 2596 quanto
1435 2525 1484 2579 si
1518 2524 1682 2580 dicea
1714 2523 1774 2579 in
1809 2541 1956 2588 essa,
1994 2530 2052 2576 et
2091 2523 2168 2574 ho
2209 2521 2351 2574 fatto

280 2615 499 2694 quanto
526 2622 605 2676 mi
631 2625 848 2679 hauete·
869 2623 1115 2694 imposto
1141 2641 1252 2677 con
1285 2621 1621 2693 monsignor
1647 2617 2125 2676 reuerendissimo
2153 2618 2195 2683 ⁵,
2225 2624 2284 2671 et
2310 2614 2347 2668 il

286 2719 472 2776 simile
499 2720 621 2774 faro
646 2737 757 2774 con
782 2719 822 2773 li
848 2719 1076 2786 fratelli,
1106 2721 1330 2773 benehe
1357 2718 1434 2772 mi
1461 2736 1597 2789 pare
1617 2720 1725 2772 che
1751 2714 2085 2786 monsig-nor
2111 2712 2169 2766 vi
2205 2713 2348 2766 hab-

287 2816 385 2871 bia
409 2835 510 2887 per
534 2825 827 2871 excusato,
860 2818 945 2871 La
968 2826 1162 2871 vostra
1188 2817 1307 2870 cosi
1333 2814 1524 2869 subita
1548 2813 1756 2884 partita
1775 2812 1854 2866 mi
1873 2814 2058 2866 hauea
2078 2807 2349 2880 partorita

291 2913 512 2983 grande
545 2912 924 2969 amaritudine
958 2921 1017 2967 et
1052 2911 1426 2979 melanconia;
1468 2929 1561 2965 ma
1594 2910 1672 2964 mi
1707 2917 1870 2965 sento
1902 2907 2167 2961 ristorato
2200 2905 2349 2958 dal-la

289 3016 485 3063 vostra
510 3009 731 3075 lettera,
761 3009 912 3064 dalla
937 3010 1104 3079 quale
1130 3011 1207 3063 ho
1234 3016 1547 3062 conoscuto
1565 3007 1743 3060 molto
1769 3003 2173 3060 cordialmente
2192 3018 2348 3055 esser

290 3111 480 3158 amato
505 3105 583 3158 da.
603 3104 700 3159 voi
726 3123 900 3160 senza
925 3107 1132 3160 aleuno
1151 3105 1266 3159 mio
1286 3104 1508 3159 merito.
1532 3104 1643 3158 Del
1663 3105 1770 3157 che
1790 3100 1869 3154 mi
1895 3101 2113 3170 tengho
2134 3095 2346 3153 esservi

288 3207 452 3254 tanto
479 3200 754 3272 obligato,
785 3204 893 3258 che
919 3220 1037 3256 non
1071 3201 1148 3256 mi
1183 3203 1304 3273 par'
1343 3203 1436 3256 ch’
1473 3199 1681 3254 habbia
1713 3200 1786 3254 ad
1820 3200 2000 3252 hauer
2032 3193 2143 3248 mai
2177 3192 2345 3247 modo

283 3295 344 3348 di
385 3296 644 3366 posservi-
687 3297 748 3351 in
790 3317 903 3353 vna
948 3298 1183 3354 minima
1227 3306 1388 3370 parte
1433 3296 1566 3352 delli
1612 3294 1791 3349 vostri
1837 3292 2024 3348 meriti
2067 3289 2314 3362 ristora?
2326 3329 2336 3340 .

373 3473 389 3499 ¹
453 3475 527 3518 Ex
548 3477 859 3534 autographo
880 3476 932 3521 in
953 3478 1052 3522 vol.
1077 3478 1136 3533 B,
1159 3476 1306 3522 unico
1322 3476 1409 3520 fol.
1433 3491 1487 3519 11.
1523 3473 1626 3532 136,
1649 3474 1785 3532 prius
1810 3482 1917 3529 571.
2204 3530 2210 3533 .

376 3551 396 3576 ²
458 3550 532 3593 Ex
554 3550 646 3594 hac
667 3550 774 3609 ipsa
796 3540 1022 3612 epistola,
1045 3553 1226 3597 collata
1246 3565 1359 3597 cum
1381 3549 1641 3609 superiori,
1665 3563 1811 3607 quam
1833 3563 1882 3592 11.
1907 3556 2007 3603 192,
2026 3556 2137 3602 pag.
2164 3540 2237 3597 58,
2258 3535 2352 3583 'ex-

283 3622 555 3680 hibuimus‚
578 3624 868 3682 conjici-mus
890 3639 1000 3670 eam
1021 3627 1077 3670 P.
1102 3625 1325 3670 Laudine
1346 3624 1510 3669 datam
1533 3622 1703 3668 fuisse.

382 3699 402 3724 ³
464 3697 681 3743 Isidorus
703 3698 888 3757 Chiari,
913 3700 1175 3759 episcopus
1198 3698 1430 3757 Fulginii.
