2658 4296
1088 198 1146 244 29
1178 187 1305 242 MAJ¹
1340 195 1449 242 1551
2210 206 2298 253 557

256 311 475 384 signori
509 329 572 367 se
607 312 646 365 11
681 312 841 368 siano
883 313 1208 385 interposti3
1247 322 1305 370 et
1339 313 1433 385 poi
1475 331 1682 370 ancora
1718 316 1853 371 duoi
1893 320 2044 386 altri,
2084 321 2207 377 cioe
2241 324 2300 377 di

253 410 377 466 Sto.
408 409 644 463 Almaso
671 427 786 464 uno
812 418 871 464 et
896 411 1040 466 altro
1067 409 1125 464 di
1150 409 1498 476 LeuizzanO,
1530 412 1708 466 castel
1728 413 2069 483 mutinense,
2094 435 2167 472 ne
2187 419 2299 474 mai

253 522 316 559 se
340 506 414 559 ne
441 513 647 559 cauato
674 506 871 560 frutt0.
904 508 1063 561 Hora
1097 507 1248 562 nella
1274 505 1446 560 uisita
1480 507 1536 561 fa
1562 516 1758 561 nostro
1786 510 1994 580 Signor
2029 515 2222 569 ueder’
2259 515 2301 569 11

250 602 429 656 frutto
455 602 585 656 dell'
618 602 863 657 orationi
889 602 947 660 di
976 605 1048 658 V.
1084 606 1150 658 P.
1182 605 1250 658 R.
1292 611 1351 657 et
1385 604 1535 659 della
1566 604 2029 676 Compagnia,'et
2055 612 2303 666 s’hanno

251 697 472 754 remissi
499 716 533 752 a
557 698 694 753 duoi
721 699 977 753 huomini
1003 701 1077 754 da
1102 700 1269 766 bene,
1302 699 1545 755 facendo
1566 699 1661 753 noi
1684 699 1954 756 instantia
1974 722 2007 757 a
2027 715 2230 775 questo
2258 710 2295 761 ¹.

363 796 575 850 Hanno
603 796 745 851 fatto
771 795 1030 862 scriuer’,
1061 797 1320 867 segondo
1345 798 1421 849 m’
1452 797 1484 850 e
1511 795 1728 862 rifertO,
1755 797 2014 854 ferraresi
2041 810 2098 855 et
2125 803 2300 856 muti-

250 891 375 947 nesi
402 910 504 963 per
527 893 728 946 lettere
755 893 959 948 ducale
986 910 1019 946 a
1044 893 1118 947 V.
1152 895 1218 947 P.
1259 894 1327 947 R.
1366 910 1468 963 per
1500 894 1701 946 hauer’
1734 911 1848 947 uno
1876 895 2022 950 della
2053 897 2301 969 Compa-

251 987 408 1060 gnia,
431 997 489 1044 et
508 987 564 1042 io
585 997 737 1043 resto
754 988 814 1042 in
834 989 1100 1055 Modena,
1121 1006 1238 1043 non
1253 989 1505 1060 sapendo
1522 987 1579 1042 di
1599 997 1802 1058 questo
1822 989 2033 1046 niente.
2060 994 2103 1046 Il
2124 994 2302 1049 frutto

250 1084 299 1139 si
327 1083 467 1139 faria
499 1085 737 1155 grande,
770 1103 832 1140 se
865 1085 905 1138 li
941 1086 1097 1142 fusse
1131 1084 1471 1156 predicatori
1505 1084 1789 1139 catholici:
1830 1095 1977 1142 tutta
2005 1089 2057 1143 13
2085 1088 2299 1144 diocesi
2362 1142 2366 1145 Α

250 1180 309 1234 di
324 1182 487 1235 fuora
506 1180 555 1235 si
574 1181 823 1236 lamenta
842 1184 948 1236 che
969 1200 1111 1236 sono
1134 1191 1222 1236 sta
1236 1180 1470 1236 corrotti
1483 1182 1557 1236 da
1576 1182 1885 1238 mutinensi
1907 1192 1963 1238 et
1983 1185 2057 1239 da
2076 1187 2295 1252 sassoli,

252 1278 431 1333 castel
457 1278 550 1333 del
577 1277 774 1348 signor
800 1279 1055 1333 Ruberto
1077 1277 1203 1347 Pio,
1226 1276 1439 1332 diocesi
1466 1277 1525 1331 di
1552 1277 1736 1355 Regio
1756 1277 1814 1331 di
1835 1280 2192 1335 Lombardia:
2220 1281 2303 1335 iui

254 1373 396 1428 sono
424 1373 660 1430 heretici
687 1376 779 1428 ch’
809 1373 865 1428 io
891 1392 956 1428 so
985 1375 1027 1427 ².

364 1470 444 1526 Mi
471 1470 815 1525 racomando
842 1471 949 1525 alle
975 1470 1329 1525 diuotissime
1358 1470 1603 1525 orationi
1629 1470 1687 1525 di
1715 1473 1788 1526 V.
1823 1474 1889 1526 P.
1922 1474 1991 1527 R.
2019 1491 2124 1527 con
2155 1482 2306 1528 tutta

251 1567 307 1623 13
331 1566 655 1622 santissima
680 1566 1058 1638 Compagnia.
1090 1568 1154 1621 In
1181 1568 1427 1623 Modena
1453 1567 1548 1621 alli
1577 1583 1648 1640 29
1674 1568 1734 1622 di
1760 1569 1995 1641 Maggio
2031 1583 2187 1640 1551.

550 1666 640 1720 De
667 1665 740 1719 V.
777 1666 841 1718 P.
875 1666 942 1718 R.
970 1681 1141 1718 seruo
1160 1663 1414 1735 indegno
1441 1666 1535 1719 nel
1561 1674 1759 1719 nostro
1785 1665 2014 1738 Signor,

1220 1762 1583 1818 SALUESTRO
1624 1763 1924 1818 LANDINO.

364 1856 620 1912 Tornaro
656 1858 818 1912 fuora
850 1856 1031 1929 hoggi
1066 1857 1124 1912 in
1160 1857 1348 1924 uisita,
1387 1861 1596 1929 perche
1631 1858 1709 1912 mi
1744 1859 1986 1931 bisogna
2022 1862 2219 1917 hauer’
2249 1862 2303 1915 13

252 1972 391 2011 cura
410 1953 706 2010 nellacitta
729 1955 801 2010 de
819 1954 991 2024 quelli
1008 1956 1116 2008 che
1133 1955 1511 2025 frequentono
1528 1956 1583 2009 la
1598 1955 1920 2010 santissima
1937 1957 2300 2024 comunione,

252 2059 311 2107 et
344 2048 401 2105 di
438 2052 598 2106 fuore
631 2069 733 2121 per
766 2051 819 2105 13
855 2050 1083 2106 diocese
1116 2070 1218 2123 per
1253 2060 1426 2106 tutto:
1465 2052 1666 2107 messis
1702 2052 1929 2123 quidem
1966 2055 2163 2123 multa,
2203 2055 2303 2109 sed

254 2147 494 2220 operarii
520 2148 687 2203 valde
707 2147 895 2219 pauci,
926 2147 1260 2204 mercenarii
1286 2167 1423 2205 vero
1450 2148 1635 2203 multi:
1671 2160 1909 2221 rogetur
1935 2151 2214 2206 Dominus
2242 2160 2308 2204 ut

254 2244 442 2300 mittat
470 2243 757 2315 operarios
784 2243 842 2297 in
870 2263 1115 2300 messem
1142 2263 1303 2300 suam
1332 2248 1351 2273 ³
1376 2255 1486 2301 etc.
1684 2240 1688 2244 ⁵

368 2343 693 2411 Inscriptio:
727 2341 765 2414 †
792 2342 869 2396 Al
894 2341 1008 2396 mio
1035 2343 1210 2396 molto
1237 2343 1385 2397 Rd0.
1427 2344 1613 2398 Padre
1635 2345 1742 2398 ‘nel
1777 2353 1971 2398 nostro
2006 2344 2236 2416 Signor,
2268 2344 2309 2397 11

257 2441 323 2494 P.
357 2440 436 2493 M.
469 2436 692 2509 Ignatio
718 2439 953 2509 Loyola,
983 2438 1273 2509 preposito
1300 2441 1448 2494 della
1468 2440 1823 2512 Compagnia
1843 2442 1914 2494 de
1927 2443 2067 2513 Jesu
2086 2440 2308 2511 dignis-

254 2535 418 2602 simo,
450 2531 510 2589 in
549 2530 748 2602 Roma,
781 2535 841 2589 in
874 2537 994 2592 Sta.
1035 2535 1216 2592 Maria
1249 2538 1398 2591 dalla
1433 2538 1658 2605 Strada,
1688 2556 1885 2608 presso
1926 2539 2048 2594 Sto,
2088 2540 2301 2592 Marco.

248 2671 558 2722 dsrimestres,
583 2677 619 2715 t.
644 2683 678 2727 1,
703 2685 814 2730 pag.
839 2670 945 2728 337.
964 2671 1168 2716 Rectius
1187 2686 1305 2716 vero
1321 2686 1350 2716 a
1366 2672 1640 2729 POLANCO,
1661 2679 1696 2716 t.
1715 2685 1769 2728 11,
1787 2687 1895 2732 pag.
1924 2683 2025 2731 197,
2044 2688 2093 2716 n.
2113 2683 2171 2729 74
2180 2674 2309 2719 haec

251 2752 500 2805 postrema
520 2747 718 2791 nomina
740 2746 1037 2791 scribuntur:
1064 2747 1232 2792 «Idem
1261 2747 1471 2805 contigit
1492 2748 1685 2793 duobus
1708 2748 1817 2793 aliis
1840 2747 1978 2807 locis,
2001 2748 2191 2792 scilicet
2213 2747 2306 2791 Sti.

257 2820 468 2865 Almazii
497 2828 548 2865 et
584 2821 845 2877 Levizani,
875 2821 959 2880 qui
988 2823 1171 2866 nullius
1210 2837 1358 2882 opera
1388 2835 1473 2869 aut
1502 2823 1760 2881 diligentia
1796 2824 2100 2868 reconciliari
2138 2830 2309 2882 potue-

254 2902 453 2939 rant...»
477 2894 555 2939 Cf.
579 2897 834 2954 BARTOLI,
854 2898 905 2940 L'
930 2897 1107 2949 Italia,
1131 2897 1218 2941 lib.
1241 2909 1313 2955 111,
1338 2912 1445 2956 cap.
1469 2896 1515 2941 3.

348 2973 361 2997 ¹
425 2969 693 3028 Hucusque
717 2972 967 3028 exemplar
989 2973 1340 3030 apographum,
1365 2972 1534 3029 lingua
1556 2972 1711 3017 latina
1731 2974 2033 3030 evulgatum.

346 3048 364 3072 2
428 3043 864 3103 «Conquerebatur
893 3044 996 3090 fere
1023 3052 1127 3090 tota
1155 3046 1399 3091 dioecesis
1435 3046 1566 3106 quod
1589 3061 1651 3091 ex
1681 3046 1884 3092 civitate
1909 3047 2012 3105 ipsa
2039 3046 2304 3090 mutinensi

258 3125 309 3163 et
331 3133 393 3163 ex
420 3118 599 3177 oppido
629 3118 812 3163 Saxulo
842 3121 1120 3164 haereticae
1142 3120 1401 3179 pravitatis
1423 3128 1650 3166 auctores
1676 3121 1884 3179 egressi,
1910 3122 2086 3165 multos
2111 3119 2303 3163 infecis-

254 3200 415 3239 sent.»
438 3194 712 3250 POLANCO‚
737 3201 777 3238 t.
808 3205 861 3252 n,
885 3209 1000 3253 pag.
1037 3195 1137 3253 198,
1161 3211 1207 3240 n.
1237 3206 1311 3253 74.
1337 3196 1414 3243 Cf.
1439 3197 1500 3243 C.
1533 3196 1742 3253 CAN'H'J,
1766 3196 1856 3241 Gli
1871 3196 2043 3240 eretici
2059 3195 2109 3239 d’
2127 3195 2304 3249 Italia,

251 3269 390 3314 Disc.
414 3280 595 3327 xxvm,
618 3268 719 3325 148,
744 3275 795 3313 et
815 3271 1146 3328 seq.—Porro
1164 3271 1445 3330 «Sassuolo,
1466 3272 1734 3326 Saxulum‚
1757 3271 1987 3330 oppidum
2006 3276 2082 3314 est
2098 3269 2304 3313 ducatus

250 3341 591 3389 mutinensis».
622 3344 943 3402 FERRARIUS,
966 3346 1198 3398 Lexicon‚
1223 3352 1260 3390 t.
1283 3357 1337 3403 11,
1361 3361 1473 3405 pag.
1506 3346 1611 3403 431.
1639 3346 1724 3390 «L’
1756 3347 1966 3390 Estense
1998 3345 2170 3388 Ercole
2193 3356 2229 3401 1,
2253 3344 2303 3388 in

251 3432 517 3478 compenso
534 3418 583 3461 d'
609 3433 704 3462 una
720 3425 858 3476 parte
885 3418 947 3463 de
970 3420 1016 3464 la
1037 3427 1214 3467 contea
1244 3420 1294 3465 di
1325 3420 1492 3480 Carpi,
1514 3434 1752 3465 concesse
1776 3435 1805 3464 a
1836 3422 1882 3464 13
1912 3417 2130 3475 famiglia
2151 3418 2238 3462 Pio
2260 3420 2307 3462 13

250 3493 454 3539 distinta
476 3500 605 3537 terra
625 3492 676 3537 di
698 3492 948 3551 Sassuolo,
972 3494 1159 3539 diocesi
1180 3495 1230 3540 di
1246 3496 1458 3553 Reggio,
1477 3497 1602 3540 sulla
1619 3496 1725 3540 riva
1741 3495 1938 3539 sinistra
1955 3493 2033 3537 del
2053 3492 2304 3536 Secchia.»

254 3568 488 3625 MORONI,
512 3568 834 3620 Dizionario,
859 3576 900 3612 t.
929 3580 982 3624 x,
1006 3583 1118 3628 pag.
1147 3581 1297 3627 109.-
1315 3571 1391 3614 De
1421 3570 1694 3615 clarissimo
1721 3569 1828 3613 viro
1857 3567 2114 3624 Rodulpho
2140 3565 2227 3609 Pio
2258 3566 2307 3610 di

256 3642 423 3701 Carpi,
446 3642 699 3700 cardinali,
721 3641 835 3687 vide
857 3642 987 3688 inter
1009 3643 1130 3688 alios
1147 3645 1380 3698 MORONI,
1407 3646 1441 3689 l.
1467 3661 1528 3698 c.,
1554 3651 1589 3690 t.
1613 3655 1717 3702 Lm,
1740 3657 1852 3703 pag.
1879 3640 1962 3697 235
1981 3647 2031 3684 et
2053 3653 2155 3698 seq.

350 3721 369 3745 ³
431 3719 644 3763 MATTH.
669 3729 741 3775 1x,
764 3716 839 3774 37.
