<?xml version="1.0" encoding="UTF-8"?>
<!DOCTYPE html PUBLIC "-//W3C//DTD XHTML 1.0 Transitional//EN"
    "http://www.w3.org/TR/xhtml1/DTD/xhtml1-transitional.dtd">
<html xmlns="http://www.w3.org/1999/xhtml" xml:lang="en" lang="en">
 <head>
  <title>
</title>
<meta http-equiv="Content-Type" content="text/html;charset=utf-8" />
  <meta name='ocr-system' content='tesseract 3.04.00' />
  <meta name='ocr-capabilities' content='ocr_page ocr_carea ocr_par ocr_line ocrx_word'/>
</head>
<body>
  <div class='ocr_page' id='page_1' title='image "./epistolaemixtaee02matruoft_0349.png"; bbox 0 0 2658 4296; ppageno 0'>
   <div class='ocr_carea' id='block_1_1' title="bbox 1095 274 2296 336">
    <p class='ocr_par' dir='ltr' id='par_1_1' title="bbox 1095 274 2296 336">
     <span class='ocr_line' id='line_1_1' title="bbox 1095 274 2296 336; baseline -0.004 -18"><span class='ocrx_word' id='word_1_1' title='bbox 1095 274 1307 318; x_wconf 61' lang='lat' dir='ltr'><strong>Romi...</strong></span> <span class='ocrx_word' id='word_1_2' title='bbox 1346 283 1458 329; x_wconf 86' lang='lat'>1550</span> <span class='ocrx_word' id='word_1_3' title='bbox 2209 279 2296 336; x_wconf 87' lang='lat'><strong>343</strong></span> 
     </span>
    </p>
   </div>
   <div class='ocr_carea' id='block_1_2' title="bbox 234 402 2299 3078">
    <p class='ocr_par' dir='ltr' id='par_1_2' title="bbox 249 402 2299 1534">
     <span class='ocr_line' id='line_1_2' title="bbox 253 402 2299 474; baseline 0.004 -19"><span class='ocrx_word' id='word_1_4' title='bbox 253 410 462 472; x_wconf 87' lang='lat' dir='ltr'><strong>gouert</strong></span> <span class='ocrx_word' id='word_1_5' title='bbox 494 403 714 473; x_wconf 90' lang='grc'>(13166116</span> <span class='ocrx_word' id='word_1_6' title='bbox 754 404 1148 474; x_wconf 86' lang='lat' dir='ltr'><strong>Compagnye,</strong></span> <span class='ocrx_word' id='word_1_7' title='bbox 1185 402 1258 455; x_wconf 94' lang='lat' dir='ltr'><strong>de</strong></span> <span class='ocrx_word' id='word_1_8' title='bbox 1290 402 1533 471; x_wconf 83' lang='lat' dir='ltr'>laquelle</span> <span class='ocrx_word' id='word_1_9' title='bbox 1574 411 1706 457; x_wconf 91' lang='lat' dir='ltr'><strong>sont</strong></span> <span class='ocrx_word' id='word_1_10' title='bbox 1753 413 1882 460; x_wconf 85' lang='lat' dir='ltr'><strong>tous</strong></span> <span class='ocrx_word' id='word_1_11' title='bbox 1927 408 2009 462; x_wconf 90' lang='lat' dir='ltr'><strong>les</strong></span> <span class='ocrx_word' id='word_1_12' title='bbox 2053 408 2299 464; x_wconf 87' lang='lat' dir='ltr'><strong>lecteurs</strong></span> 
     </span>
     <span class='ocr_line' id='line_1_3' title="bbox 256 498 2296 569; baseline 0.003 -16"><span class='ocrx_word' id='word_1_13' title='bbox 256 499 478 569; x_wconf 91' lang='grc'>(13166116</span> <span class='ocrx_word' id='word_1_14' title='bbox 503 498 835 565; x_wconf 90' lang='lat' dir='ltr'><strong>vniuersite‚</strong></span> <span class='ocrx_word' id='word_1_15' title='bbox 867 507 925 554; x_wconf 90' lang='lat' dir='ltr'><strong>et</strong></span> <span class='ocrx_word' id='word_1_16' title='bbox 960 498 1217 554; x_wconf 91' lang='lat' dir='ltr'><strong>tiennent</strong></span> <span class='ocrx_word' id='word_1_17' title='bbox 1250 498 1435 552; x_wconf 89' lang='lat' dir='ltr'><strong>lordre</strong></span> <span class='ocrx_word' id='word_1_18' title='bbox 1469 498 1571 554; x_wconf 91' lang='lat' dir='ltr'><strong>des</strong></span> <span class='ocrx_word' id='word_1_19' title='bbox 1605 500 1834 555; x_wconf 81' lang='lat' dir='ltr'><strong>estudes</strong></span> <span class='ocrx_word' id='word_1_20' title='bbox 1860 505 1966 559; x_wconf 90' lang='lat' dir='ltr'><strong>che</strong></span> <span class='ocrx_word' id='word_1_21' title='bbox 1998 523 2061 560; x_wconf 93' lang='lat' dir='ltr'><strong>se</strong></span> <span class='ocrx_word' id='word_1_22' title='bbox 2095 504 2237 560; x_wconf 90' lang='lat' dir='ltr'><strong>tient</strong></span> <span class='ocrx_word' id='word_1_23' title='bbox 2263 525 2296 559; x_wconf 90' lang='lat' dir='ltr'><strong>a</strong></span> 
     </span>
     <span class='ocr_line' id='line_1_4' title="bbox 258 593 2295 667; baseline 0.003 -18"><span class='ocrx_word' id='word_1_24' title='bbox 258 593 439 661; x_wconf 86' lang='lat' dir='ltr'><strong>PariS,</strong></span> <span class='ocrx_word' id='word_1_25' title='bbox 470 603 790 666; x_wconf 91' lang='lat' dir='ltr'><strong>ensegnant</strong></span> <span class='ocrx_word' id='word_1_26' title='bbox 815 613 953 667; x_wconf 91' lang='lat' dir='ltr'><strong>grec</strong></span> <span class='ocrx_word' id='word_1_27' title='bbox 980 603 1038 651; x_wconf 92' lang='lat' dir='ltr'><strong>et</strong></span> <span class='ocrx_word' id='word_1_28' title='bbox 1063 595 1280 650; x_wconf 89' lang='lat' dir='ltr'><strong>hebreu</strong></span> <span class='ocrx_word' id='word_1_29' title='bbox 1306 602 1365 648; x_wconf 92' lang='lat' dir='ltr'><strong>et</strong></span> <span class='ocrx_word' id='word_1_30' title='bbox 1393 602 1607 649; x_wconf 91' lang='lat' dir='ltr'><strong>touttes</strong></span> <span class='ocrx_word' id='word_1_31' title='bbox 1635 596 1893 663; x_wconf 85' lang='lat' dir='ltr'><strong>facultes,</strong></span> <span class='ocrx_word' id='word_1_32' title='bbox 1925 602 2057 655; x_wconf 90' lang='lat' dir='ltr'><strong>hors</strong></span> <span class='ocrx_word' id='word_1_33' title='bbox 2082 601 2188 655; x_wconf 92' lang='lat' dir='ltr'><strong>mis</strong></span> <span class='ocrx_word' id='word_1_34' title='bbox 2212 603 2295 656; x_wconf 91' lang='lat' dir='ltr'><strong>les</strong></span> 
     </span>
     <span class='ocr_line' id='line_1_5' title="bbox 255 689 2294 762; baseline 0.003 -18"><span class='ocrx_word' id='word_1_35' title='bbox 255 690 398 761; x_wconf 89' lang='lat' dir='ltr'><strong>loys.</strong></span> <span class='ocrx_word' id='word_1_36' title='bbox 430 691 634 746; x_wconf 89' lang='lat' dir='ltr'><strong>Oultre</strong></span> <span class='ocrx_word' id='word_1_37' title='bbox 660 709 727 747; x_wconf 92' lang='lat' dir='ltr'><strong>ce</strong></span> <span class='ocrx_word' id='word_1_38' title='bbox 753 691 792 745; x_wconf 90' lang='lat' dir='ltr'><strong>il</strong></span> <span class='ocrx_word' id='word_1_39' title='bbox 818 699 1126 762; x_wconf 89' lang='lat' dir='ltr'><strong>procurent</strong></span> <span class='ocrx_word' id='word_1_40' title='bbox 1144 691 1228 746; x_wconf 91' lang='lat' dir='ltr'><strong>les</strong></span> <span class='ocrx_word' id='word_1_41' title='bbox 1246 689 1392 744; x_wconf 91' lang='lat' dir='ltr'><strong>distz</strong></span> <span class='ocrx_word' id='word_1_42' title='bbox 1411 691 1658 746; x_wconf 90' lang='lat' dir='ltr'><strong>lecteurs</strong></span> <span class='ocrx_word' id='word_1_43' title='bbox 1683 693 1754 746; x_wconf 93' lang='lat' dir='ltr'><strong>de</strong></span> <span class='ocrx_word' id='word_1_44' title='bbox 1774 693 1906 747; x_wconf 84' lang='lat' dir='ltr'><strong>bien</strong></span> <span class='ocrx_word' id='word_1_45' title='bbox 1925 696 2212 753; x_wconf 90' lang='lat' dir='ltr'><strong>doctriner</strong></span> <span class='ocrx_word' id='word_1_46' title='bbox 2235 707 2294 752; x_wconf 88' lang='lat' dir='ltr'><strong>et</strong></span> 
     </span>
     <span class='ocr_line' id='line_1_6' title="bbox 255 772 2289 860; baseline 0.004 -21"><span class='ocrx_word' id='word_1_47' title='bbox 255 784 523 841; x_wconf 89' lang='lat' dir='ltr'><strong>informer</strong></span> <span class='ocrx_word' id='word_1_48' title='bbox 550 788 632 843; x_wconf 91' lang='lat' dir='ltr'><strong>les</strong></span> <span class='ocrx_word' id='word_1_49' title='bbox 659 785 945 843; x_wconf 85' lang='lat' dir='ltr'><strong>escolliers</strong></span> <span class='ocrx_word' id='word_1_50' title='bbox 967 805 1042 842; x_wconf 93' lang='lat' dir='ltr'><strong>en</strong></span> <span class='ocrx_word' id='word_1_51' title='bbox 1067 795 1284 852; x_wconf 80' lang='lat' dir='ltr'><strong>vertuS,</strong></span> <span class='ocrx_word' id='word_1_52' title='bbox 1308 794 1366 841; x_wconf 94' lang='lat' dir='ltr'><strong>et</strong></span> <span class='ocrx_word' id='word_1_53' title='bbox 1392 804 1509 840; x_wconf 92' lang='lat' dir='ltr'><strong>non</strong></span> <span class='ocrx_word' id='word_1_54' title='bbox 1529 787 1864 843; x_wconf 89' lang='lat' dir='ltr'><strong>seullement</strong></span> <span class='ocrx_word' id='word_1_55' title='bbox 1884 790 1964 843; x_wconf 91' lang='lat' dir='ltr'><strong>les</strong></span> <span class='ocrx_word' id='word_1_56' title='bbox 1984 772 2289 860; x_wconf 84' lang='lat' dir='ltr'><strong>escollierS,</strong></span> 
     </span>
     <span class='ocr_line' id='line_1_7' title="bbox 253 882 2293 955; baseline 0.003 -19"><span class='ocrx_word' id='word_1_57' title='bbox 253 901 413 953; x_wconf 90' lang='lat' dir='ltr'><strong>mays</strong></span> <span class='ocrx_word' id='word_1_58' title='bbox 447 891 572 939; x_wconf 90' lang='lat' dir='ltr'><strong>tout</strong></span> <span class='ocrx_word' id='word_1_59' title='bbox 616 884 669 938; x_wconf 90' lang='lat' dir='ltr'><strong>le</strong></span> <span class='ocrx_word' id='word_1_60' title='bbox 703 885 910 955; x_wconf 91' lang='lat' dir='ltr'><strong>peuple</strong></span> <span class='ocrx_word' id='word_1_61' title='bbox 942 902 1045 954; x_wconf 91' lang='lat' dir='ltr'><strong>par</strong></span> <span class='ocrx_word' id='word_1_62' title='bbox 1077 885 1365 954; x_wconf 90' lang='lat' dir='ltr'><strong>presches,</strong></span> <span class='ocrx_word' id='word_1_63' title='bbox 1406 882 1780 949; x_wconf 83' lang='lat' dir='ltr'><strong>confessionS,</strong></span> <span class='ocrx_word' id='word_1_64' title='bbox 1819 888 2203 942; x_wconf 86' lang='lat' dir='ltr'><strong>exhortations</strong></span> <span class='ocrx_word' id='word_1_65' title='bbox 2234 899 2293 944; x_wconf 91' lang='lat' dir='ltr'><strong>et</strong></span> 
     </span>
     <span class='ocr_line' id='line_1_8' title="bbox 252 978 2291 1053; baseline 0.003 -21"><span class='ocrx_word' id='word_1_66' title='bbox 252 979 368 1033; x_wconf 92' lang='lat' dir='ltr'><strong>bon</strong></span> <span class='ocrx_word' id='word_1_67' title='bbox 394 981 669 1051; x_wconf 87' lang='lat' dir='ltr'><strong>exemple.</strong></span> <span class='ocrx_word' id='word_1_68' title='bbox 700 983 790 1035; x_wconf 93' lang='lat' dir='ltr'><strong>De</strong></span> <span class='ocrx_word' id='word_1_69' title='bbox 815 988 974 1036; x_wconf 86' lang='lat' dir='ltr'>sorte</span> <span class='ocrx_word' id='word_1_70' title='bbox 1000 998 1113 1051; x_wconf 91' lang='lat' dir='ltr'><strong>que</strong></span> <span class='ocrx_word' id='word_1_71' title='bbox 1139 980 1306 1034; x_wconf 83' lang='lat' dir='ltr'><strong>ceulx</strong></span> <span class='ocrx_word' id='word_1_72' title='bbox 1332 980 1404 1033; x_wconf 92' lang='lat' dir='ltr'><strong>de</strong></span> <span class='ocrx_word' id='word_1_73' title='bbox 1430 980 1485 1033; x_wconf 91' lang='lat' dir='ltr'><strong>la</strong></span> <span class='ocrx_word' id='word_1_74' title='bbox 1511 978 1622 1033; x_wconf 91' lang='lat' dir='ltr'><strong>cite</strong></span> <span class='ocrx_word' id='word_1_75' title='bbox 1651 981 1723 1035; x_wconf 93' lang='lat' dir='ltr'><strong>de</strong></span> <span class='ocrx_word' id='word_1_76' title='bbox 1753 982 2027 1048; x_wconf 89' lang='lat' dir='ltr'><strong>Palerme,</strong></span> <span class='ocrx_word' id='word_1_77' title='bbox 2058 985 2291 1053; x_wconf 89' lang='lat' dir='ltr'><strong>voysine</strong></span> 
     </span>
     <span class='ocr_line' id='line_1_9' title="bbox 249 1075 2290 1149; baseline 0.003 -20"><span class='ocrx_word' id='word_1_78' title='bbox 249 1093 284 1129; x_wconf 88' lang='lat' dir='ltr'><strong>a</strong></span> <span class='ocrx_word' id='word_1_79' title='bbox 308 1076 450 1132; x_wconf 89' lang='lat' dir='ltr'><strong>celle</strong></span> <span class='ocrx_word' id='word_1_80' title='bbox 476 1078 549 1132; x_wconf 92' lang='lat' dir='ltr'><strong>de</strong></span> <span class='ocrx_word' id='word_1_81' title='bbox 575 1076 843 1143; x_wconf 89' lang='lat' dir='ltr'><strong>Messine,</strong></span> <span class='ocrx_word' id='word_1_82' title='bbox 873 1095 936 1132; x_wconf 93' lang='lat' dir='ltr'><strong>se</strong></span> <span class='ocrx_word' id='word_1_83' title='bbox 962 1085 1207 1147; x_wconf 85' lang='lat' dir='ltr'><strong>voyantz</strong></span> <span class='ocrx_word' id='word_1_84' title='bbox 1241 1075 1427 1145; x_wconf 82' lang='lat' dir='ltr'><strong>prives</strong></span> <span class='ocrx_word' id='word_1_85' title='bbox 1453 1076 1512 1129; x_wconf 87' lang='lat' dir='ltr'><strong>d’</strong></span> <span class='ocrx_word' id='word_1_86' title='bbox 1543 1094 1622 1129; x_wconf 91' lang='lat' dir='ltr'><strong>un</strong></span> <span class='ocrx_word' id='word_1_87' title='bbox 1649 1077 1726 1131; x_wconf 88' lang='lat' dir='ltr'><strong>tel</strong></span> <span class='ocrx_word' id='word_1_88' title='bbox 1746 1076 1897 1143; x_wconf 92' lang='lat' dir='ltr'><strong>bien,</strong></span> <span class='ocrx_word' id='word_1_89' title='bbox 1928 1087 2028 1131; x_wconf 92' lang='lat' dir='ltr'><strong>ont</strong></span> <span class='ocrx_word' id='word_1_90' title='bbox 2054 1098 2290 1149; x_wconf 90' lang='lat' dir='ltr'><strong>procure</strong></span> 
     </span>
     <span class='ocr_line' id='line_1_10' title="bbox 250 1171 2289 1243; baseline 0.003 -19"><span class='ocrx_word' id='word_1_91' title='bbox 250 1171 419 1228; x_wconf 91' lang='lat' dir='ltr'><strong>lanne</strong></span> <span class='ocrx_word' id='word_1_92' title='bbox 451 1191 649 1243; x_wconf 92' lang='lat' dir='ltr'><strong>passee</strong></span> <span class='ocrx_word' id='word_1_93' title='bbox 682 1175 696 1200; x_wconf 94' lang='lat'>¹</span> <span class='ocrx_word' id='word_1_94' title='bbox 732 1181 790 1228; x_wconf 93' lang='lat' dir='ltr'><strong>et</strong></span> <span class='ocrx_word' id='word_1_95' title='bbox 827 1173 1066 1243; x_wconf 88' lang='lat' dir='ltr'><strong>impetre</strong></span> <span class='ocrx_word' id='word_1_96' title='bbox 1103 1174 1180 1226; x_wconf 93' lang='lat' dir='ltr'><strong>du</strong></span> <span class='ocrx_word' id='word_1_97' title='bbox 1216 1191 1360 1243; x_wconf 91' lang='lat' dir='ltr'><strong>pape</strong></span> <span class='ocrx_word' id='word_1_98' title='bbox 1388 1181 1446 1228; x_wconf 92' lang='lat' dir='ltr'><strong>et</strong></span> <span class='ocrx_word' id='word_1_99' title='bbox 1482 1173 1561 1226; x_wconf 94' lang='lat' dir='ltr'><strong>du</strong></span> <span class='ocrx_word' id='word_1_100' title='bbox 1596 1173 1892 1242; x_wconf 91' lang='lat' dir='ltr'><strong>superieur</strong></span> <span class='ocrx_word' id='word_1_101' title='bbox 1917 1176 1987 1229; x_wconf 90' lang='grc'><strong>(16</strong></span> <span class='ocrx_word' id='word_1_102' title='bbox 2026 1176 2080 1229; x_wconf 92' lang='grc'><strong>16</strong></span> <span class='ocrx_word' id='word_1_103' title='bbox 2114 1177 2289 1230; x_wconf 90' lang='lat' dir='ltr'><strong>Com—</strong></span> 
     </span>
     <span class='ocr_line' id='line_1_11' title="bbox 249 1268 2291 1339; baseline 0.001 -16"><span class='ocrx_word' id='word_1_104' title='bbox 249 1285 477 1339; x_wconf 89' lang='lat' dir='ltr'><strong>pagnye</strong></span> <span class='ocrx_word' id='word_1_105' title='bbox 496 1270 697 1324; x_wconf 90' lang='lat' dir='ltr'><strong>dessus</strong></span> <span class='ocrx_word' id='word_1_106' title='bbox 717 1269 867 1324; x_wconf 91' lang='lat' dir='ltr'><strong>dicte</strong></span> <span class='ocrx_word' id='word_1_107' title='bbox 886 1287 1058 1324; x_wconf 91' lang='lat' dir='ltr'><strong>avoer</strong></span> <span class='ocrx_word' id='word_1_108' title='bbox 1078 1268 1232 1324; x_wconf 90' lang='lat' dir='ltr'><strong>aussi</strong></span> <span class='ocrx_word' id='word_1_109' title='bbox 1252 1288 1330 1323; x_wconf 92' lang='lat' dir='ltr'><strong>vn</strong></span> <span class='ocrx_word' id='word_1_110' title='bbox 1349 1269 1571 1339; x_wconf 80' lang='lat' dir='ltr'>college</span> <span class='ocrx_word' id='word_1_111' title='bbox 1590 1269 1692 1323; x_wconf 88' lang='grc'>(163</span> <span class='ocrx_word' id='word_1_112' title='bbox 1712 1287 1857 1339; x_wconf 86' lang='lat' dir='ltr'><strong>gens</strong></span> <span class='ocrx_word' id='word_1_113' title='bbox 1877 1271 2114 1339; x_wconf 89' lang='lat' dir='ltr'><strong>dycelle‚</strong></span> <span class='ocrx_word' id='word_1_114' title='bbox 2131 1289 2291 1326; x_wconf 90' lang='lat' dir='ltr'><strong>come</strong></span> 
     </span>
     <span class='ocr_line' id='line_1_12' title="bbox 251 1362 2289 1437; baseline 0.002 -20"><span class='ocrx_word' id='word_1_115' title='bbox 251 1362 291 1416; x_wconf 94' lang='lat' dir='ltr'><strong>il</strong></span> <span class='ocrx_word' id='word_1_116' title='bbox 325 1373 447 1418; x_wconf 91' lang='lat' dir='ltr'><strong>ont·</strong></span> <span class='ocrx_word' id='word_1_117' title='bbox 471 1374 530 1419; x_wconf 89' lang='lat' dir='ltr'><strong>et</strong></span> <span class='ocrx_word' id='word_1_118' title='bbox 575 1374 915 1437; x_wconf 91' lang='lat' dir='ltr'><strong>rescoyuent</strong></span> <span class='ocrx_word' id='word_1_119' title='bbox 965 1367 1038 1422; x_wconf 90' lang='lat' dir='ltr'><strong>de</strong></span> <span class='ocrx_word' id='word_1_120' title='bbox 1082 1366 1420 1420; x_wconf 81' lang='lat' dir='ltr'>semblables</span> <span class='ocrx_word' id='word_1_121' title='bbox 1467 1365 1657 1432; x_wconf 86' lang='lat' dir='ltr'><strong>fruitz,</strong></span> <span class='ocrx_word' id='word_1_122' title='bbox 1695 1384 1756 1420; x_wconf 92' lang='grc'><strong>36</strong></span> <span class='ocrx_word' id='word_1_123' title='bbox 1791 1366 2193 1436; x_wconf 87' lang='lat' dir='ltr'><strong>resiouyssant,</strong></span> <span class='ocrx_word' id='word_1_124' title='bbox 2232 1377 2289 1422; x_wconf 89' lang='lat' dir='ltr'><strong>et</strong></span> 
     </span>
     <span class='ocr_line' id='line_1_13' title="bbox 251 1460 2125 1534; baseline 0.002 -21"><span class='ocrx_word' id='word_1_125' title='bbox 251 1460 448 1515; x_wconf 89' lang='lat' dir='ltr'><strong>louant</strong></span> <span class='ocrx_word' id='word_1_126' title='bbox 473 1461 644 1531; x_wconf 93' lang='lat' dir='ltr'><strong>Dieu,</strong></span> <span class='ocrx_word' id='word_1_127' title='bbox 675 1462 794 1533; x_wconf 93' lang='lat' dir='ltr'><strong>quil</strong></span> <span class='ocrx_word' id='word_1_128' title='bbox 821 1472 921 1517; x_wconf 92' lang='lat' dir='ltr'><strong>ont</strong></span> <span class='ocrx_word' id='word_1_129' title='bbox 946 1481 1058 1534; x_wconf 92' lang='lat' dir='ltr'><strong>peu</strong></span> <span class='ocrx_word' id='word_1_130' title='bbox 1086 1480 1256 1517; x_wconf 90' lang='lat' dir='ltr'><strong>avoer</strong></span> <span class='ocrx_word' id='word_1_131' title='bbox 1283 1463 1355 1518; x_wconf 93' lang='lat' dir='ltr'><strong>de</strong></span> <span class='ocrx_word' id='word_1_132' title='bbox 1382 1463 1497 1517; x_wconf 85' lang='lat' dir='ltr'><strong>telx</strong></span> <span class='ocrx_word' id='word_1_133' title='bbox 1521 1461 1835 1517; x_wconf 90' lang='lat' dir='ltr'><strong>seruiteurs</strong></span> <span class='ocrx_word' id='word_1_134' title='bbox 1861 1463 1932 1517; x_wconf 94' lang='lat' dir='ltr'><strong>de</strong></span> <span class='ocrx_word' id='word_1_135' title='bbox 1958 1463 2125 1519; x_wconf 91' lang='lat' dir='ltr'><strong>Dieu.</strong></span> 
     </span>
    </p>

    <p class='ocr_par' dir='ltr' id='par_1_3' title="bbox 237 1558 2290 2694">
     <span class='ocr_line' id='line_1_14' title="bbox 360 1558 2288 1630; baseline 0.001 -18"><span class='ocrx_word' id='word_1_136' title='bbox 360 1560 524 1628; x_wconf 91' lang='lat' dir='ltr'><strong>Mays</strong></span> <span class='ocrx_word' id='word_1_137' title='bbox 543 1559 603 1629; x_wconf 91' lang='lat' dir='ltr'><strong>je</strong></span> <span class='ocrx_word' id='word_1_138' title='bbox 635 1577 832 1630; x_wconf 89' lang='lat' dir='ltr'><strong>seroys</strong></span> <span class='ocrx_word' id='word_1_139' title='bbox 866 1568 992 1630; x_wconf 87' lang='lat' dir='ltr'><strong>trop</strong></span> <span class='ocrx_word' id='word_1_140' title='bbox 1023 1560 1162 1630; x_wconf 84' lang='lat' dir='ltr'><strong>long</strong></span> <span class='ocrx_word' id='word_1_141' title='bbox 1196 1558 1244 1613; x_wconf 92' lang='lat' dir='ltr'><strong>si</strong></span> <span class='ocrx_word' id='word_1_142' title='bbox 1269 1559 1331 1629; x_wconf 89' lang='lat' dir='ltr'><strong>je</strong></span> <span class='ocrx_word' id='word_1_143' title='bbox 1366 1559 1624 1628; x_wconf 89' lang='lat' dir='ltr'><strong>voulloys</strong></span> <span class='ocrx_word' id='word_1_144' title='bbox 1650 1576 1764 1629; x_wconf 89' lang='lat' dir='ltr'><strong>ouy</strong></span> <span class='ocrx_word' id='word_1_145' title='bbox 1800 1567 1922 1613; x_wconf 89' lang='lat' dir='ltr'><strong>tant</strong></span> <span class='ocrx_word' id='word_1_146' title='bbox 1955 1561 2288 1616; x_wconf 89' lang='lat' dir='ltr'><strong>seullement</strong></span> 
     </span>
     <span class='ocr_line' id='line_1_15' title="bbox 245 1652 2290 1728; baseline 0.003 -23"><span class='ocrx_word' id='word_1_147' title='bbox 245 1652 302 1706; x_wconf 91' lang='grc'><strong>16</strong></span> <span class='ocrx_word' id='word_1_148' title='bbox 327 1671 543 1712; x_wconf 91' lang='lat' dir='ltr'><strong>somme</strong></span> <span class='ocrx_word' id='word_1_149' title='bbox 568 1657 670 1711; x_wconf 90' lang='lat' dir='ltr'><strong>des</strong></span> <span class='ocrx_word' id='word_1_150' title='bbox 697 1658 897 1711; x_wconf 84' lang='lat' dir='ltr'><strong>choses</strong></span> <span class='ocrx_word' id='word_1_151' title='bbox 925 1674 1038 1726; x_wconf 94' lang='lat' dir='ltr'><strong>que</strong></span> <span class='ocrx_word' id='word_1_152' title='bbox 1064 1675 1126 1711; x_wconf 89' lang='lat' dir='ltr'><strong>se</strong></span> <span class='ocrx_word' id='word_1_153' title='bbox 1147 1657 1270 1710; x_wconf 88' lang='lat' dir='ltr'><strong>font</strong></span> <span class='ocrx_word' id='word_1_154' title='bbox 1297 1674 1398 1726; x_wconf 89' lang='lat' dir='ltr'><strong>par</strong></span> <span class='ocrx_word' id='word_1_155' title='bbox 1424 1674 1630 1726; x_wconf 89' lang='lat' dir='ltr'><strong>moyen</strong></span> <span class='ocrx_word' id='word_1_156' title='bbox 1650 1656 1722 1711; x_wconf 93' lang='lat' dir='ltr'><strong>de</strong></span> <span class='ocrx_word' id='word_1_157' title='bbox 1743 1665 1898 1712; x_wconf 91' lang='lat' dir='ltr'><strong>ceste</strong></span> <span class='ocrx_word' id='word_1_158' title='bbox 1919 1657 2290 1728; x_wconf 87' lang='lat' dir='ltr'><strong>Compagnye</strong></span> 
     </span>
     <span class='ocr_line' id='line_1_16' title="bbox 246 1752 2283 1824; baseline 0.001 -21"><span class='ocrx_word' id='word_1_159' title='bbox 246 1760 584 1821; x_wconf 90' lang='lat' dir='ltr'><strong>racompter.</strong></span> <span class='ocrx_word' id='word_1_160' title='bbox 617 1753 968 1809; x_wconf 90' lang='lat' dir='ltr'><strong>Seullement</strong></span> <span class='ocrx_word' id='word_1_161' title='bbox 986 1753 1048 1823; x_wconf 89' lang='lat' dir='ltr'><strong>je</strong></span> <span class='ocrx_word' id='word_1_162' title='bbox 1082 1771 1227 1807; x_wconf 91' lang='lat' dir='ltr'><strong>vous</strong></span> <span class='ocrx_word' id='word_1_163' title='bbox 1252 1752 1359 1818; x_wconf 92' lang='lat' dir='ltr'><strong>dis,</strong></span> <span class='ocrx_word' id='word_1_164' title='bbox 1391 1770 1526 1806; x_wconf 92' lang='lat' dir='ltr'><strong>mon</strong></span> <span class='ocrx_word' id='word_1_165' title='bbox 1553 1760 1668 1808; x_wconf 93' lang='lat' dir='ltr'><strong>tres</strong></span> <span class='ocrx_word' id='word_1_166' title='bbox 1695 1753 1970 1808; x_wconf 90' lang='lat' dir='ltr'><strong>redoubte</strong></span> <span class='ocrx_word' id='word_1_167' title='bbox 1996 1752 2283 1824; x_wconf 83' lang='lat' dir='ltr'><strong>seigneur,</strong></span> 
     </span>
     <span class='ocr_line' id='line_1_17' title="bbox 245 1848 2288 1924; baseline 0.001 -23"><span class='ocrx_word' id='word_1_168' title='bbox 245 1864 357 1915; x_wconf 91' lang='lat' dir='ltr'><strong>que</strong></span> <span class='ocrx_word' id='word_1_169' title='bbox 375 1848 437 1917; x_wconf 88' lang='lat' dir='ltr'><strong>je</strong></span> <span class='ocrx_word' id='word_1_170' title='bbox 455 1858 584 1919; x_wconf 92' lang='lat' dir='ltr'><strong>port</strong></span> <span class='ocrx_word' id='word_1_171' title='bbox 610 1850 794 1921; x_wconf 84' lang='lat' dir='ltr'><strong>grand</strong></span> <span class='ocrx_word' id='word_1_172' title='bbox 820 1868 1028 1924; x_wconf 86' lang='lat' dir='ltr'><strong>enuye,</strong></span> <span class='ocrx_word' id='word_1_173' title='bbox 1052 1869 1212 1921; x_wconf 91' lang='lat' dir='ltr'><strong>mays</strong></span> <span class='ocrx_word' id='word_1_174' title='bbox 1232 1867 1419 1920; x_wconf 91' lang='lat' dir='ltr'><strong>enuye</strong></span> <span class='ocrx_word' id='word_1_175' title='bbox 1439 1849 1656 1903; x_wconf 85' lang='lat' dir='ltr'><strong>saincte</strong></span> <span class='ocrx_word' id='word_1_176' title='bbox 1677 1867 1710 1902; x_wconf 92' lang='grc'><strong>6</strong></span> <span class='ocrx_word' id='word_1_177' title='bbox 1735 1858 1858 1903; x_wconf 88' lang='grc'>(69(</span> <span class='ocrx_word' id='word_1_178' title='bbox 1884 1851 1955 1903; x_wconf 89' lang='grc'><strong>(16</strong></span> <span class='ocrx_word' id='word_1_179' title='bbox 1981 1850 2222 1919; x_wconf 85' lang='grc'>9119663,</span> <span class='ocrx_word' id='word_1_180' title='bbox 2254 1869 2288 1903; x_wconf 89' lang='grc'><strong>6</strong></span> 
     </span>
     <span class='ocr_line' id='line_1_18' title="bbox 244 1944 2287 2018; baseline 0.001 -22"><span class='ocrx_word' id='word_1_181' title='bbox 244 1950 367 1997; x_wconf 89' lang='lat' dir='ltr'><strong>tant</strong></span> <span class='ocrx_word' id='word_1_182' title='bbox 391 1946 462 1999; x_wconf 93' lang='lat' dir='ltr'><strong>de</strong></span> <span class='ocrx_word' id='word_1_183' title='bbox 488 1944 650 2013; x_wconf 85' lang='lat' dir='ltr'><strong>citeS,</strong></span> <span class='ocrx_word' id='word_1_184' title='bbox 681 1964 793 2016; x_wconf 91' lang='lat' dir='ltr'><strong>que</strong></span> <span class='ocrx_word' id='word_1_185' title='bbox 819 1964 958 2001; x_wconf 90' lang='lat' dir='ltr'><strong>avec</strong></span> <span class='ocrx_word' id='word_1_186' title='bbox 982 1947 1136 2002; x_wconf 90' lang='lat' dir='ltr'><strong>leurs</strong></span> <span class='ocrx_word' id='word_1_187' title='bbox 1156 1947 1339 2018; x_wconf 82' lang='lat' dir='ltr'><strong>grand</strong></span> <span class='ocrx_word' id='word_1_188' title='bbox 1358 1947 1589 2017; x_wconf 88' lang='lat' dir='ltr'><strong>prouffit</strong></span> <span class='ocrx_word' id='word_1_189' title='bbox 1608 1945 1649 1999; x_wconf 91' lang='lat' dir='ltr'><strong>il</strong></span> <span class='ocrx_word' id='word_1_190' title='bbox 1674 1945 1944 2001; x_wconf 85' lang='lat' dir='ltr'><strong>fruissent</strong></span> <span class='ocrx_word' id='word_1_191' title='bbox 1963 1947 2065 2000; x_wconf 91' lang='lat' dir='ltr'><strong>des</strong></span> <span class='ocrx_word' id='word_1_192' title='bbox 2089 1945 2287 1999; x_wconf 92' lang='lat' dir='ltr'><strong>minis-</strong></span> 
     </span>
     <span class='ocr_line' id='line_1_19' title="bbox 243 2042 2277 2115; baseline 0 -21"><span class='ocrx_word' id='word_1_193' title='bbox 243 2047 360 2094; x_wconf 87' lang='lat' dir='ltr'><strong>tres</strong></span> <span class='ocrx_word' id='word_1_194' title='bbox 403 2042 474 2096; x_wconf 94' lang='lat' dir='ltr'><strong>de</strong></span> <span class='ocrx_word' id='word_1_195' title='bbox 508 2051 664 2098; x_wconf 90' lang='lat' dir='ltr'><strong>ceste</strong></span> <span class='ocrx_word' id='word_1_196' title='bbox 710 2044 1083 2115; x_wconf 85' lang='lat' dir='ltr'><strong>Compagnye</strong></span> <span class='ocrx_word' id='word_1_197' title='bbox 1117 2052 1175 2099; x_wconf 91' lang='lat' dir='ltr'><strong>et</strong></span> <span class='ocrx_word' id='word_1_198' title='bbox 1208 2061 1321 2113; x_wconf 86' lang='lat' dir='ltr'><strong>que</strong></span> <span class='ocrx_word' id='word_1_199' title='bbox 1353 2044 1436 2097; x_wconf 94' lang='lat' dir='ltr'><strong>les</strong></span> <span class='ocrx_word' id='word_1_200' title='bbox 1468 2051 1690 2096; x_wconf 89' lang='lat' dir='ltr'><strong>vostres</strong></span> <span class='ocrx_word' id='word_1_201' title='bbox 1736 2061 1809 2098; x_wconf 94' lang='lat' dir='ltr'><strong>en</strong></span> <span class='ocrx_word' id='word_1_202' title='bbox 1843 2042 2025 2098; x_wconf 90' lang='lat' dir='ltr'><strong>soient</strong></span> <span class='ocrx_word' id='word_1_203' title='bbox 2071 2042 2277 2112; x_wconf 87' lang='lat' dir='ltr'><strong>priues.</strong></span> 
     </span>
     <span class='ocr_line' id='line_1_20' title="bbox 242 2138 2285 2209; baseline 0.001 -19"><span class='ocrx_word' id='word_1_204' title='bbox 242 2138 554 2209; x_wconf 90' lang='lat' dir='ltr'><strong>Pourquoy</strong></span> <span class='ocrx_word' id='word_1_205' title='bbox 580 2157 646 2194; x_wconf 92' lang='lat' dir='ltr'><strong>ce</strong></span> <span class='ocrx_word' id='word_1_206' title='bbox 673 2157 786 2209; x_wconf 90' lang='lat' dir='ltr'><strong>que</strong></span> <span class='ocrx_word' id='word_1_207' title='bbox 810 2140 848 2192; x_wconf 89' lang='lat' dir='ltr'><strong>l&#39;</strong></span> <span class='ocrx_word' id='word_1_208' title='bbox 872 2139 1140 2195; x_wconf 87' lang='lat' dir='ltr'><strong>affection</strong></span> <span class='ocrx_word' id='word_1_209' title='bbox 1160 2157 1368 2196; x_wconf 91' lang='lat' dir='ltr'><strong>enuers</strong></span> <span class='ocrx_word' id='word_1_210' title='bbox 1387 2158 1531 2193; x_wconf 90' lang='lat' dir='ltr'><strong>vous</strong></span> <span class='ocrx_word' id='word_1_211' title='bbox 1550 2141 1629 2193; x_wconf 87' lang='lat' dir='ltr'><strong>m&#39;</strong></span> <span class='ocrx_word' id='word_1_212' title='bbox 1651 2142 1724 2193; x_wconf 91' lang='lat' dir='ltr'><strong>ha</strong></span> <span class='ocrx_word' id='word_1_213' title='bbox 1746 2138 1853 2192; x_wconf 91' lang='lat' dir='ltr'><strong>mis</strong></span> <span class='ocrx_word' id='word_1_214' title='bbox 1872 2157 1946 2192; x_wconf 91' lang='lat' dir='ltr'><strong>au</strong></span> <span class='ocrx_word' id='word_1_215' title='bbox 1972 2156 2167 2205; x_wconf 91' lang='lat' dir='ltr'><strong>cueur,</strong></span> <span class='ocrx_word' id='word_1_216' title='bbox 2185 2140 2285 2208; x_wconf 87' lang='lat' dir='ltr'><strong>jay</strong></span> 
     </span>
     <span class='ocr_line' id='line_1_21' title="bbox 241 2233 2284 2305; baseline 0.001 -19"><span class='ocrx_word' id='word_1_217' title='bbox 241 2233 492 2291; x_wconf 89' lang='lat' dir='ltr'><strong>delibere</strong></span> <span class='ocrx_word' id='word_1_218' title='bbox 525 2254 670 2290; x_wconf 93' lang='lat' dir='ltr'><strong>vous</strong></span> <span class='ocrx_word' id='word_1_219' title='bbox 704 2235 1006 2292; x_wconf 87' lang='lat' dir='ltr'><strong>briefment</strong></span> <span class='ocrx_word' id='word_1_220' title='bbox 1041 2236 1332 2293; x_wconf 89' lang='lat' dir='ltr'><strong>declairer.</strong></span> <span class='ocrx_word' id='word_1_221' title='bbox 1372 2236 1766 2293; x_wconf 85' lang='lat' dir='ltr'><strong>Scetascauoir</strong></span> <span class='ocrx_word' id='word_1_222' title='bbox 1801 2253 1912 2305; x_wconf 92' lang='lat' dir='ltr'><strong>que</strong></span> <span class='ocrx_word' id='word_1_223' title='bbox 1938 2254 2081 2290; x_wconf 91' lang='lat' dir='ltr'><strong>vous</strong></span> <span class='ocrx_word' id='word_1_224' title='bbox 2117 2235 2284 2290; x_wconf 86' lang='lat' dir='ltr'><strong>feries</strong></span> 
     </span>
     <span class='ocr_line' id='line_1_22' title="bbox 241 2331 2282 2405; baseline 0 -22"><span class='ocrx_word' id='word_1_225' title='bbox 241 2348 353 2384; x_wconf 91' lang='lat' dir='ltr'><strong>vne</strong></span> <span class='ocrx_word' id='word_1_226' title='bbox 387 2333 561 2388; x_wconf 92' lang='lat' dir='ltr'><strong>chose</strong></span> <span class='ocrx_word' id='word_1_227' title='bbox 600 2334 672 2386; x_wconf 93' lang='lat' dir='ltr'><strong>de</strong></span> <span class='ocrx_word' id='word_1_228' title='bbox 706 2334 924 2404; x_wconf 90' lang='lat' dir='ltr'><strong>grande</strong></span> <span class='ocrx_word' id='word_1_229' title='bbox 956 2334 1207 2405; x_wconf 89' lang='lat' dir='ltr'><strong>louange</strong></span> <span class='ocrx_word' id='word_1_230' title='bbox 1240 2342 1298 2387; x_wconf 92' lang='lat' dir='ltr'><strong>et</strong></span> <span class='ocrx_word' id='word_1_231' title='bbox 1330 2332 1661 2399; x_wconf 91' lang='lat' dir='ltr'><strong>merueillie,</strong></span> <span class='ocrx_word' id='word_1_232' title='bbox 1691 2332 1741 2387; x_wconf 92' lang='lat' dir='ltr'><strong>si</strong></span> <span class='ocrx_word' id='word_1_233' title='bbox 1779 2351 1918 2386; x_wconf 89' lang='lat' dir='ltr'><strong>vous</strong></span> <span class='ocrx_word' id='word_1_234' title='bbox 1955 2331 2172 2386; x_wconf 92' lang='lat' dir='ltr'><strong>fondies</strong></span> <span class='ocrx_word' id='word_1_235' title='bbox 2205 2351 2282 2384; x_wconf 90' lang='lat' dir='ltr'><strong>vn</strong></span> 
     </span>
     <span class='ocr_line' id='line_1_23' title="bbox 240 2422 2280 2501; baseline 0.001 -22"><span class='ocrx_word' id='word_1_236' title='bbox 240 2427 461 2498; x_wconf 89' lang='lat' dir='ltr'><strong>college</strong></span> <span class='ocrx_word' id='word_1_237' title='bbox 494 2430 566 2484; x_wconf 93' lang='lat' dir='ltr'><strong>de</strong></span> <span class='ocrx_word' id='word_1_238' title='bbox 599 2430 654 2484; x_wconf 91' lang='grc'><strong>16</strong></span> <span class='ocrx_word' id='word_1_239' title='bbox 686 2422 838 2484; x_wconf 90' lang='grc'>(116(6</span> <span class='ocrx_word' id='word_1_240' title='bbox 871 2431 1246 2501; x_wconf 89' lang='lat' dir='ltr'><strong>Compagnye</strong></span> <span class='ocrx_word' id='word_1_241' title='bbox 1280 2449 1352 2485; x_wconf 90' lang='lat' dir='ltr'><strong>en</strong></span> <span class='ocrx_word' id='word_1_242' title='bbox 1387 2431 1631 2484; x_wconf 90' lang='lat' dir='ltr'><strong>aulcune</strong></span> <span class='ocrx_word' id='word_1_243' title='bbox 1658 2431 1730 2485; x_wconf 92' lang='lat' dir='ltr'><strong>de</strong></span> <span class='ocrx_word' id='word_1_244' title='bbox 1761 2447 1905 2484; x_wconf 92' lang='lat' dir='ltr'><strong>vous</strong></span> <span class='ocrx_word' id='word_1_245' title='bbox 1940 2428 2100 2495; x_wconf 83' lang='lat' dir='ltr'><strong>citeS,</strong></span> <span class='ocrx_word' id='word_1_246' title='bbox 2139 2447 2213 2482; x_wconf 95' lang='lat' dir='ltr'><strong>ou</strong></span> <span class='ocrx_word' id='word_1_247' title='bbox 2248 2447 2280 2481; x_wconf 89' lang='lat' dir='ltr'><strong>a</strong></span> 
     </span>
     <span class='ocr_line' id='line_1_24' title="bbox 241 2522 2282 2597; baseline 0 -19"><span class='ocrx_word' id='word_1_248' title='bbox 241 2522 486 2591; x_wconf 88' lang='lat' dir='ltr'><strong>Verceil,</strong></span> <span class='ocrx_word' id='word_1_249' title='bbox 518 2543 593 2580; x_wconf 95' lang='lat' dir='ltr'><strong>ou</strong></span> <span class='ocrx_word' id='word_1_250' title='bbox 621 2523 692 2581; x_wconf 89' lang='lat' dir='ltr'><strong>en</strong></span> <span class='ocrx_word' id='word_1_251' title='bbox 721 2528 974 2597; x_wconf 91' lang='lat' dir='ltr'><strong>Ayuree,</strong></span> <span class='ocrx_word' id='word_1_252' title='bbox 1005 2545 1079 2581; x_wconf 95' lang='lat' dir='ltr'><strong>ou</strong></span> <span class='ocrx_word' id='word_1_253' title='bbox 1115 2546 1188 2583; x_wconf 90' lang='lat' dir='ltr'><strong>en</strong></span> <span class='ocrx_word' id='word_1_254' title='bbox 1222 2529 1407 2582; x_wconf 91' lang='lat' dir='ltr'><strong>Auste</strong></span> <span class='ocrx_word' id='word_1_255' title='bbox 1435 2527 1476 2593; x_wconf 78' lang='lat'><strong>²,</strong></span> <span class='ocrx_word' id='word_1_256' title='bbox 1516 2535 1650 2594; x_wconf 85' lang='lat' dir='ltr'><strong>ete.;</strong></span> <span class='ocrx_word' id='word_1_257' title='bbox 1684 2527 1738 2581; x_wconf 93' lang='lat' dir='ltr'><strong>la</strong></span> <span class='ocrx_word' id='word_1_258' title='bbox 1764 2545 1841 2580; x_wconf 94' lang='lat' dir='ltr'><strong>ou</strong></span> <span class='ocrx_word' id='word_1_259' title='bbox 1866 2525 1907 2579; x_wconf 91' lang='lat' dir='ltr'><strong>il</strong></span> <span class='ocrx_word' id='word_1_260' title='bbox 1927 2525 2128 2581; x_wconf 91' lang='lat' dir='ltr'><strong>seroist</strong></span> <span class='ocrx_word' id='word_1_261' title='bbox 2154 2525 2282 2595; x_wconf 90' lang='lat' dir='ltr'><strong>plus</strong></span> 
     </span>
     <span class='ocr_line' id='line_1_25' title="bbox 237 2622 1312 2694; baseline 0.005 -21"><span class='ocrx_word' id='word_1_262' title='bbox 237 2622 506 2691; x_wconf 86' lang='lat' dir='ltr'><strong>agreable</strong></span> <span class='ocrx_word' id='word_1_263' title='bbox 532 2641 566 2676; x_wconf 90' lang='lat' dir='ltr'><strong>a</strong></span> <span class='ocrx_word' id='word_1_264' title='bbox 593 2625 664 2678; x_wconf 89' lang='lat' dir='ltr'><strong>V.</strong></span> <span class='ocrx_word' id='word_1_265' title='bbox 698 2625 764 2677; x_wconf 91' lang='lat' dir='ltr'><strong>E.</strong></span> <span class='ocrx_word' id='word_1_266' title='bbox 798 2625 955 2694; x_wconf 88' lang='lat' dir='ltr'><strong>fayre</strong></span> <span class='ocrx_word' id='word_1_267' title='bbox 980 2623 1312 2680; x_wconf 87' lang='lat' dir='ltr'><strong>vniuersite.</strong></span> 
     </span>
    </p>

    <p class='ocr_par' dir='ltr' id='par_1_4' title="bbox 234 2718 2278 3078">
     <span class='ocr_line' id='line_1_26' title="bbox 348 2718 2272 2789; baseline 0 -19"><span class='ocrx_word' id='word_1_268' title='bbox 348 2718 421 2771; x_wconf 88' lang='grc' dir='ltr'><strong>Ε(</strong></span> <span class='ocrx_word' id='word_1_269' title='bbox 458 2735 617 2789; x_wconf 85' lang='grc'>66631,</span> <span class='ocrx_word' id='word_1_270' title='bbox 655 2737 722 2774; x_wconf 91' lang='grc'><strong>66</strong></span> <span class='ocrx_word' id='word_1_271' title='bbox 760 2739 853 2776; x_wconf 92' lang='lat' dir='ltr'><strong>me</strong></span> <span class='ocrx_word' id='word_1_272' title='bbox 891 2721 1127 2786; x_wconf 90' lang='lat' dir='ltr'><strong>semble,</strong></span> <span class='ocrx_word' id='word_1_273' title='bbox 1166 2739 1310 2774; x_wconf 91' lang='lat' dir='ltr'><strong>vous</strong></span> <span class='ocrx_word' id='word_1_274' title='bbox 1348 2720 1553 2775; x_wconf 89' lang='lat' dir='ltr'><strong>seroist</strong></span> <span class='ocrx_word' id='word_1_275' title='bbox 1588 2729 1703 2774; x_wconf 89' lang='lat' dir='ltr'><strong>tres</strong></span> <span class='ocrx_word' id='word_1_276' title='bbox 1740 2719 1886 2774; x_wconf 89' lang='lat' dir='ltr'><strong>facil.</strong></span> <span class='ocrx_word' id='word_1_277' title='bbox 1933 2720 2044 2773; x_wconf 89' lang='lat' dir='ltr'><strong>Car</strong></span> <span class='ocrx_word' id='word_1_278' title='bbox 2089 2719 2160 2772; x_wconf 93' lang='lat' dir='ltr'><strong>V.</strong></span> <span class='ocrx_word' id='word_1_279' title='bbox 2206 2718 2272 2770; x_wconf 91' lang='lat' dir='ltr'><strong>E.</strong></span> 
     </span>
     <span class='ocr_line' id='line_1_27' title="bbox 236 2813 2278 2887; baseline 0 -21"><span class='ocrx_word' id='word_1_280' title='bbox 236 2814 503 2882; x_wconf 92' lang='lat' dir='ltr'><strong>pouvoist</strong></span> <span class='ocrx_word' id='word_1_281' title='bbox 518 2816 856 2886; x_wconf 83' lang='lat' dir='ltr'><strong>applicquer</strong></span> <span class='ocrx_word' id='word_1_282' title='bbox 876 2836 910 2871; x_wconf 92' lang='lat' dir='ltr'><strong>a</strong></span> <span class='ocrx_word' id='word_1_283' title='bbox 936 2825 1092 2872; x_wconf 93' lang='lat' dir='ltr'><strong>ceste</strong></span> <span class='ocrx_word' id='word_1_284' title='bbox 1111 2834 1293 2872; x_wconf 92' lang='lat' dir='ltr'><strong>ouure</strong></span> <span class='ocrx_word' id='word_1_285' title='bbox 1311 2817 1587 2887; x_wconf 89' lang='lat' dir='ltr'><strong>quelques</strong></span> <span class='ocrx_word' id='word_1_286' title='bbox 1607 2816 1770 2871; x_wconf 92' lang='lat' dir='ltr'><strong>biens</strong></span> <span class='ocrx_word' id='word_1_287' title='bbox 1790 2813 2278 2883; x_wconf 89' lang='lat' dir='ltr'><strong>ecclesiasticques</strong></span> 
     </span>
     <span class='ocr_line' id='line_1_28' title="bbox 234 2911 2274 2982; baseline -0.001 -19"><span class='ocrx_word' id='word_1_288' title='bbox 234 2927 369 2964; x_wconf 90' lang='lat' dir='ltr'><strong>sans</strong></span> <span class='ocrx_word' id='word_1_289' title='bbox 395 2928 550 2978; x_wconf 91' lang='lat' dir='ltr'><strong>cure,</strong></span> <span class='ocrx_word' id='word_1_290' title='bbox 582 2929 743 2967; x_wconf 90' lang='lat' dir='ltr'><strong>come</strong></span> <span class='ocrx_word' id='word_1_291' title='bbox 769 2915 843 2968; x_wconf 91' lang='lat' dir='ltr'><strong>ha</strong></span> <span class='ocrx_word' id='word_1_292' title='bbox 870 2913 1001 2967; x_wconf 88' lang='lat' dir='ltr'><strong>saist</strong></span> <span class='ocrx_word' id='word_1_293' title='bbox 1019 2914 1073 2967; x_wconf 94' lang='lat' dir='ltr'><strong>le</strong></span> <span class='ocrx_word' id='word_1_294' title='bbox 1099 2914 1213 2967; x_wconf 93' lang='lat' dir='ltr'><strong>duc</strong></span> <span class='ocrx_word' id='word_1_295' title='bbox 1233 2914 1305 2968; x_wconf 93' lang='lat' dir='ltr'><strong>de</strong></span> <span class='ocrx_word' id='word_1_296' title='bbox 1327 2912 1586 2980; x_wconf 86' lang='lat' dir='ltr'><strong>Baviere,</strong></span> <span class='ocrx_word' id='word_1_297' title='bbox 1611 2931 1686 2966; x_wconf 95' lang='lat' dir='ltr'><strong>ou</strong></span> <span class='ocrx_word' id='word_1_298' title='bbox 1707 2919 2002 2982; x_wconf 87' lang='lat' dir='ltr'><strong>vreyment</strong></span> <span class='ocrx_word' id='word_1_299' title='bbox 2022 2927 2183 2964; x_wconf 91' lang='lat' dir='ltr'><strong>come</strong></span> <span class='ocrx_word' id='word_1_300' title='bbox 2204 2911 2274 2961; x_wconf 92' lang='lat' dir='ltr'><strong>ha</strong></span> 
     </span>
     <span class='ocr_line' id='line_1_29' title="bbox 238 3004 2273 3078; baseline -0.001 -20"><span class='ocrx_word' id='word_1_301' title='bbox 238 3004 370 3059; x_wconf 87' lang='lat' dir='ltr'><strong>faist</strong></span> <span class='ocrx_word' id='word_1_302' title='bbox 395 3008 448 3060; x_wconf 93' lang='lat' dir='ltr'><strong>le</strong></span> <span class='ocrx_word' id='word_1_303' title='bbox 474 3008 587 3061; x_wconf 94' lang='lat' dir='ltr'><strong>duc</strong></span> <span class='ocrx_word' id='word_1_304' title='bbox 613 3009 685 3062; x_wconf 93' lang='lat' dir='ltr'><strong>de</strong></span> <span class='ocrx_word' id='word_1_305' title='bbox 711 3011 756 3063; x_wconf 94' lang='lat' dir='ltr'>F</span> <span class='ocrx_word' id='word_1_306' title='bbox 760 3010 990 3065; x_wconf 62' lang='lat' dir='ltr'><strong>l‘orence</strong></span> <span class='ocrx_word' id='word_1_307' title='bbox 1018 3028 1051 3063; x_wconf 91' lang='lat' dir='ltr'><strong>a</strong></span> <span class='ocrx_word' id='word_1_308' title='bbox 1077 3009 1229 3075; x_wconf 89' lang='lat' dir='ltr'><strong>Pise,</strong></span> <span class='ocrx_word' id='word_1_309' title='bbox 1254 3010 1442 3078; x_wconf 91' lang='lat' dir='ltr'><strong>lequel</strong></span> <span class='ocrx_word' id='word_1_310' title='bbox 1461 3011 1537 3062; x_wconf 94' lang='lat' dir='ltr'><strong>ha</strong></span> <span class='ocrx_word' id='word_1_311' title='bbox 1557 3010 1770 3063; x_wconf 91' lang='lat' dir='ltr'><strong>obtenu</strong></span> <span class='ocrx_word' id='word_1_312' title='bbox 1790 3009 1866 3061; x_wconf 95' lang='lat' dir='ltr'><strong>du</strong></span> <span class='ocrx_word' id='word_1_313' title='bbox 1898 3010 2049 3076; x_wconf 89' lang='grc' dir='ltr'>Ρ696</span> <span class='ocrx_word' id='word_1_314' title='bbox 2076 3005 2273 3058; x_wconf 88' lang='grc'>6111611-</span> 
     </span>
    </p>
   </div>
   <div class='ocr_carea' id='block_1_3' title="bbox 239 3178 589 3187">
    <p class='ocr_par' dir='ltr' id='par_1_5' title="bbox 239 3178 589 3187">
     <span class='ocr_line' id='line_1_30' title="bbox 239 3178 589 3187; baseline 0 1109"><span class='ocrx_word' id='word_1_315' title='bbox 239 3178 589 3187; x_wconf 95' lang='lat' dir='ltr'><strong> </strong></span> 
     </span>
    </p>
   </div>
   <div class='ocr_carea' id='block_1_4' title="bbox 231 3273 2271 3412">
    <p class='ocr_par' dir='ltr' id='par_1_6' title="bbox 231 3273 2271 3412">
     <span class='ocr_line' id='line_1_31' title="bbox 327 3273 2271 3337; baseline -0.004 -16"><span class='ocrx_word' id='word_1_316' title='bbox 327 3278 340 3302; x_wconf 93' lang='lat'>¹</span> <span class='ocrx_word' id='word_1_317' title='bbox 406 3276 550 3322; x_wconf 91' lang='lat' dir='ltr'><strong>Anno</strong></span> <span class='ocrx_word' id='word_1_318' title='bbox 583 3288 714 3335; x_wconf 84' lang='lat'><strong>1549.</strong></span> <span class='ocrx_word' id='word_1_319' title='bbox 745 3279 1019 3336; x_wconf 85' lang='lat' dir='ltr'><strong>POLANCO,</strong></span> <span class='ocrx_word' id='word_1_320' title='bbox 1050 3285 1086 3324; x_wconf 85' lang='lat' dir='ltr'><strong>t.</strong></span> <span class='ocrx_word' id='word_1_321' title='bbox 1115 3291 1150 3333; x_wconf 88' lang='lat'><strong>1,</strong></span> <span class='ocrx_word' id='word_1_322' title='bbox 1181 3293 1294 3337; x_wconf 89' lang='lat' dir='ltr'><strong>pag.</strong></span> <span class='ocrx_word' id='word_1_323' title='bbox 1326 3277 1430 3334; x_wconf 87' lang='lat'>387,</span> <span class='ocrx_word' id='word_1_324' title='bbox 1462 3293 1510 3321; x_wconf 90' lang='lat' dir='ltr'><strong>n.</strong></span> <span class='ocrx_word' id='word_1_325' title='bbox 1543 3276 1645 3321; x_wconf 91' lang='lat'><strong>386.</strong></span> <span class='ocrx_word' id='word_1_326' title='bbox 1681 3277 1755 3319; x_wconf 86' lang='lat' dir='ltr'><strong>Ex</strong></span> <span class='ocrx_word' id='word_1_327' title='bbox 1777 3277 1867 3319; x_wconf 94' lang='lat' dir='ltr'><strong>hoc</strong></span> <span class='ocrx_word' id='word_1_328' title='bbox 1896 3280 2058 3317; x_wconf 87' lang='lat' dir='ltr'><strong>autem</strong></span> <span class='ocrx_word' id='word_1_329' title='bbox 2086 3273 2192 3316; x_wconf 93' lang='lat' dir='ltr'><strong>loco</strong></span> <span class='ocrx_word' id='word_1_330' title='bbox 2221 3278 2271 3314; x_wconf 87' lang='lat' dir='ltr'><strong>et</strong></span> 
     </span>
     <span class='ocr_line' id='line_1_32' title="bbox 231 3348 2271 3412; baseline -0.003 -19"><span class='ocrx_word' id='word_1_331' title='bbox 231 3351 488 3409; x_wconf 87' lang='lat' dir='ltr'><strong>superiori,</strong></span> <span class='ocrx_word' id='word_1_332' title='bbox 511 3367 607 3411; x_wconf 92' lang='lat' dir='ltr'><strong>quo</strong></span> <span class='ocrx_word' id='word_1_333' title='bbox 637 3354 946 3398; x_wconf 87' lang='lat' dir='ltr'><strong>statuebatur</strong></span> <span class='ocrx_word' id='word_1_334' title='bbox 974 3359 1169 3412; x_wconf 87' lang='lat' dir='ltr'><strong>tempus</strong></span> <span class='ocrx_word' id='word_1_335' title='bbox 1198 3352 1425 3408; x_wconf 89' lang='lat' dir='ltr'><strong>conditae</strong></span> <span class='ocrx_word' id='word_1_336' title='bbox 1455 3351 1733 3396; x_wconf 89' lang='lat' dir='ltr'><strong>academiae</strong></span> <span class='ocrx_word' id='word_1_337' title='bbox 1756 3348 2086 3403; x_wconf 88' lang='lat' dir='ltr'><strong>mamertinae,</strong></span> <span class='ocrx_word' id='word_1_338' title='bbox 2117 3359 2271 3389; x_wconf 89' lang='lat' dir='ltr'><strong>annus</strong></span> 
     </span>
    </p>
   </div>
   <div class='ocr_carea' id='block_1_5' title="bbox 227 3421 2266 3561">
    <p class='ocr_par' dir='ltr' id='par_1_7' title="bbox 227 3421 2266 3561">
     <span class='ocr_line' id='line_1_33' title="bbox 227 3421 2024 3486; baseline -0.002 -18"><span class='ocrx_word' id='word_1_339' title='bbox 227 3424 395 3478; x_wconf 89' lang='lat' dir='ltr'><strong>etiam,</strong></span> <span class='ocrx_word' id='word_1_340' title='bbox 418 3439 514 3485; x_wconf 94' lang='lat' dir='ltr'><strong>quo</strong></span> <span class='ocrx_word' id='word_1_341' title='bbox 534 3427 656 3471; x_wconf 87' lang='lat' dir='ltr'><strong>haee</strong></span> <span class='ocrx_word' id='word_1_342' title='bbox 679 3427 886 3486; x_wconf 87' lang='lat' dir='ltr'><strong>epistola</strong></span> <span class='ocrx_word' id='word_1_343' title='bbox 906 3421 1088 3486; x_wconf 80' lang='lat' dir='ltr'><strong>scripta</strong></span> <span class='ocrx_word' id='word_1_344' title='bbox 1110 3434 1205 3484; x_wconf 88' lang='lat' dir='ltr'><strong>est,</strong></span> <span class='ocrx_word' id='word_1_345' title='bbox 1229 3426 1463 3471; x_wconf 89' lang='lat' dir='ltr'><strong>constitui</strong></span> <span class='ocrx_word' id='word_1_346' title='bbox 1485 3427 1652 3484; x_wconf 90' lang='lat' dir='ltr'><strong>procul</strong></span> <span class='ocrx_word' id='word_1_347' title='bbox 1675 3424 1825 3468; x_wconf 93' lang='lat' dir='ltr'><strong>dubio</strong></span> <span class='ocrx_word' id='word_1_348' title='bbox 1847 3428 2024 3481; x_wconf 88' lang='lat' dir='ltr'><strong>potest.</strong></span> 
     </span>
     <span class='ocr_line' id='line_1_34' title="bbox 316 3492 2266 3561; baseline -0.005 -17"><span class='ocrx_word' id='word_1_349' title='bbox 316 3502 335 3526; x_wconf 75' lang='lat'>²</span> <span class='ocrx_word' id='word_1_350' title='bbox 396 3499 529 3544; x_wconf 88' lang='lat' dir='ltr'><strong>Infra</strong></span> <span class='ocrx_word' id='word_1_351' title='bbox 556 3500 618 3545; x_wconf 93' lang='lat' dir='ltr'><strong>ad</strong></span> <span class='ocrx_word' id='word_1_352' title='bbox 645 3503 830 3546; x_wconf 89' lang='lat' dir='ltr'><strong>calcem</strong></span> <span class='ocrx_word' id='word_1_353' title='bbox 867 3502 1105 3561; x_wconf 91' lang='lat' dir='ltr'><strong>epistolae</strong></span> <span class='ocrx_word' id='word_1_354' title='bbox 1135 3508 1373 3546; x_wconf 90' lang='lat' dir='ltr'><strong>vocantur</strong></span> <span class='ocrx_word' id='word_1_355' title='bbox 1408 3502 1500 3544; x_wconf 90' lang='lat' dir='ltr'><strong>hae</strong></span> <span class='ocrx_word' id='word_1_356' title='bbox 1532 3501 1679 3544; x_wconf 91' lang='lat' dir='ltr'><strong>urbes</strong></span> <span class='ocrx_word' id='word_1_357' title='bbox 1717 3498 1994 3553; x_wconf 89' lang='lat' dir='ltr'><strong>Vercellae,</strong></span> <span class='ocrx_word' id='word_1_358' title='bbox 2024 3492 2266 3552; x_wconf 84' lang='lat' dir='ltr'><strong>Ipocedia,</strong></span> 
     </span>
    </p>
   </div>
   <div class='ocr_carea' id='block_1_6' title="bbox 226 3570 2270 3784">
    <p class='ocr_par' dir='ltr' id='par_1_8' title="bbox 226 3570 2270 3784">
     <span class='ocr_line' id='line_1_35' title="bbox 227 3570 2266 3635; baseline -0.004 -17"><span class='ocrx_word' id='word_1_359' title='bbox 227 3574 456 3631; x_wconf 87' lang='lat' dir='ltr'><strong>Augusta</strong></span> <span class='ocrx_word' id='word_1_360' title='bbox 476 3575 603 3632; x_wconf 88' lang='lat' dir='ltr'><strong>[scil.</strong></span> <span class='ocrx_word' id='word_1_361' title='bbox 626 3576 912 3635; x_wconf 88' lang='lat' dir='ltr'><strong>Praetoria].</strong></span> <span class='ocrx_word' id='word_1_362' title='bbox 937 3577 1123 3621; x_wconf 89' lang='lat' dir='ltr'><strong>Harum</strong></span> <span class='ocrx_word' id='word_1_363' title='bbox 1146 3577 1403 3620; x_wconf 91' lang='lat' dir='ltr'><strong>Vercellae</strong></span> <span class='ocrx_word' id='word_1_364' title='bbox 1425 3582 1476 3619; x_wconf 94' lang='lat' dir='ltr'><strong>et</strong></span> <span class='ocrx_word' id='word_1_365' title='bbox 1498 3575 1725 3631; x_wconf 86' lang='lat' dir='ltr'><strong>Augusta</strong></span> <span class='ocrx_word' id='word_1_366' title='bbox 1747 3570 1947 3630; x_wconf 86' lang='lat' dir='ltr'><strong>(Aosta)</strong></span> <span class='ocrx_word' id='word_1_367' title='bbox 1969 3574 2112 3612; x_wconf 89' lang='lat' dir='ltr'><strong>notae</strong></span> <span class='ocrx_word' id='word_1_368' title='bbox 2136 3573 2266 3610; x_wconf 84' lang='lat' dir='ltr'><strong>sunt.</strong></span> 
     </span>
     <span class='ocr_line' id='line_1_36' title="bbox 226 3640 2266 3710; baseline -0.005 -18"><span class='ocrx_word' id='word_1_369' title='bbox 226 3649 423 3706; x_wconf 81' lang='lat' dir='ltr'><strong>Ayuree</strong></span> <span class='ocrx_word' id='word_1_370' title='bbox 445 3663 564 3694; x_wconf 85' lang='lat' dir='ltr'><strong>vero</strong></span> <span class='ocrx_word' id='word_1_371' title='bbox 585 3650 728 3694; x_wconf 90' lang='lat' dir='ltr'><strong>nobis</strong></span> <span class='ocrx_word' id='word_1_372' title='bbox 745 3657 823 3695; x_wconf 90' lang='lat' dir='ltr'><strong>est</strong></span> <span class='ocrx_word' id='word_1_373' title='bbox 843 3651 986 3696; x_wconf 78' lang='lat' dir='ltr'><strong>lvre&#39;e</strong></span> <span class='ocrx_word' id='word_1_374' title='bbox 1007 3654 1151 3710; x_wconf 89' lang='lat' dir='ltr'><strong>(quae</strong></span> <span class='ocrx_word' id='word_1_375' title='bbox 1170 3652 1287 3695; x_wconf 92' lang='lat' dir='ltr'><strong>urbs</strong></span> <span class='ocrx_word' id='word_1_376' title='bbox 1304 3650 1338 3693; x_wconf 88' lang='lat' dir='ltr'><em>I</em></span> <span class='ocrx_word' id='word_1_377' title='bbox 1335 3665 1476 3701; x_wconf 85' lang='lat' dir='ltr'><strong>urea,</strong></span> <span class='ocrx_word' id='word_1_378' title='bbox 1495 3650 1704 3700; x_wconf 83' lang='lat' dir='ltr'><strong>Inurea,</strong></span> <span class='ocrx_word' id='word_1_379' title='bbox 1724 3647 1872 3690; x_wconf 84' lang='lat' dir='ltr'><strong>I-vrea</strong></span> <span class='ocrx_word' id='word_1_380' title='bbox 1889 3643 2035 3688; x_wconf 90' lang='lat' dir='ltr'><strong>etiam</strong></span> <span class='ocrx_word' id='word_1_381' title='bbox 2052 3640 2266 3698; x_wconf 84' lang='lat' dir='ltr'><strong>legitur),</strong></span> 
     </span>
     <span class='ocr_line' id='line_1_37' title="bbox 230 3716 2270 3784; baseline -0.005 -18"><span class='ocrx_word' id='word_1_382' title='bbox 230 3723 514 3768; x_wconf 89' lang='lat' dir='ltr'><strong>Ptolemaeo</strong></span> <span class='ocrx_word' id='word_1_383' title='bbox 535 3724 812 3783; x_wconf 78' lang='lat' dir='ltr'><strong>Eporedia,</strong></span> <span class='ocrx_word' id='word_1_384' title='bbox 832 3726 949 3770; x_wconf 92' lang='lat' dir='ltr'><strong>urbs</strong></span> <span class='ocrx_word' id='word_1_385' title='bbox 972 3739 1168 3783; x_wconf 88' lang='lat' dir='ltr'><strong>magna,</strong></span> <span class='ocrx_word' id='word_1_386' title='bbox 1188 3725 1472 3784; x_wconf 88' lang='lat' dir='ltr'><strong>episcopatu</strong></span> <span class='ocrx_word' id='word_1_387' title='bbox 1496 3729 1546 3767; x_wconf 89' lang='lat' dir='ltr'><strong>et</strong></span> <span class='ocrx_word' id='word_1_388' title='bbox 1562 3727 1723 3766; x_wconf 87' lang='lat' dir='ltr'><strong>castro</strong></span> <span class='ocrx_word' id='word_1_389' title='bbox 1739 3718 1934 3764; x_wconf 87' lang='lat' dir='ltr'><strong>nobilis.</strong></span> <span class='ocrx_word' id='word_1_390' title='bbox 1954 3716 2270 3770; x_wconf 79' lang='lat' dir='ltr'><strong>CELLARIUS,</strong></span> 
     </span>
    </p>
   </div>
   <div class='ocr_carea' id='block_1_7' title="bbox 233 3797 1219 3858">
    <p class='ocr_par' dir='ltr' id='par_1_9' title="bbox 233 3797 1219 3858">
     <span class='ocr_line' id='line_1_38' title="bbox 233 3797 1219 3858; baseline 0.001 -17"><span class='ocrx_word' id='word_1_391' title='bbox 233 3797 430 3842; x_wconf 82' lang='lat' dir='ltr'><strong>Notitia</strong></span> <span class='ocrx_word' id='word_1_392' title='bbox 446 3798 578 3842; x_wconf 88' lang='lat' dir='ltr'><strong>orbis</strong></span> <span class='ocrx_word' id='word_1_393' title='bbox 598 3799 817 3857; x_wconf 81' lang='lat' dir='ltr'><strong>antiqui,</strong></span> <span class='ocrx_word' id='word_1_394' title='bbox 841 3814 961 3858; x_wconf 46' lang='lat' dir='ltr'><strong>pag(</strong></span> <span class='ocrx_word' id='word_1_395' title='bbox 986 3811 1093 3856; x_wconf 82' lang='lat'><strong>412,</strong></span> <span class='ocrx_word' id='word_1_396' title='bbox 1115 3798 1219 3856; x_wconf 87' lang='lat'>413.</span> 
     </span>
    </p>
   </div>
  </div>
 </body>
</html>
