2658 4296
323 272 416 320 412
999 263 1295 308 EPISTOLAE
1325 261 1534 307 ΜῙΧΤΑΕ
1547 285 1581 294 -
1594 258 1679 304 326

438 387 620 443 Toleti
645 396 897 443 moratus
921 396 1008 445 est
1034 390 1204 444 Pater
1222 389 1418 442 doctor
1442 403 1541 457 per
1561 393 1741 440 totum
1761 394 2032 451 mensem,
2057 382 2154 437 vbi
2174 382 2352 438 inter-

328 501 397 539 ea
441 482 707 554 temporis
751 482 1050 541 Societatis
1081 482 1312 537 viuendi
1344 482 1615 537 rationem
1658 478 1942 534 nonnullis
1977 479 2162 550 palam
2196 478 2358 546 fecit,

323 578 570 635 ostensis
596 578 765 635 etiam
790 578 1206 651 diplomatibuS,
1236 578 1284 634 si
1304 578 1527 648 quando
1553 576 1611 630 id
1635 575 1921 645 videretur
1941 574 2223 645 expedire,
2254 591 2360 630 ve·-

328 674 434 729 luti
459 674 611 730 illius
634 674 882 731 ciuitatis
900 674 1213 746 inquisitori
1240 682 1297 729 et
1315 673 1576 745 episcopo
1594 669 1833 726 vticensi
1857 671 1894 736 ¹,
1917 669 2054 724 viris
2073 679 2130 726 et
2150 672 2357 726 autho·

331 770 498 828 ritate
531 779 589 826 et
622 789 840 827 morum
883 771 1161 843 probitate
1203 769 1557 835 venerandis,
1595 785 1833 838 quorum
1877 775 2116 836 vterque
2159 765 2253 838 pio
2290 784 2359 822 ac

329 867 540 921 denoto
584 867 643 921 in
676 867 1016 924 Societatem
1050 869 1256 923 affectu
1289 883 1454 919 suum
1487 863 1859 936 patrocinium
1894 878 1961 918 ac
1995 863 2278 929 fauorem,
2308 861 2372 934 si

328 980 391 1018 se
417 964 617 1020 offerat
642 963 1049 1034 opportunitas,
1080 962 1389 1033 pollicetur.
1422 960 1705 1016 Conuenit
1731 968 1788 1015 et
1814 967 2129 1031 praetorem
2153 957 2359 1013 ciuita-

328 1057 404 1112 tis
437 1066 496 1115 et
530 1059 792 1115 comitem
837 1059 908 1115 de
942 1061 987 1113 F
992 1058 1277 1114 uensalida
1311 1059 1329 1084 ²
1367 1057 1620 1126 aliosque
1652 1055 1710 1109 id
1745 1054 1972 1127 generis
2006 1054 2177 1122 virOS,
2212 1067 2358 1124 quos

326 1165 507 1225 Vsque
533 1156 674 1211 adeo
700 1154 906 1225 reperit
930 1155 989 1208 in
1015 1157 1160 1209 hanc
1181 1152 1508 1224 religionem
1529 1169 1857 1223 propenSOS,
1881 1159 1963 1217 vt,
1989 1150 2037 1205 si
2056 1149 2356 1207 duodecim

330 1268 402 1305 ex
436 1249 646 1304 'nostris
691 1250 823 1304 illuc
859 1251 930 1305 ad
963 1268 1227 1321 praesens
1271 1248 1643 1314 mitterentur,
1672 1246 2046 1303 verisimiliter
2073 1246 2357 1304 existimet

331 1363 444 1399 non
472 1346 770 1402 defuturos
797 1346 892 1416 qui
924 1345 1186 1402 alimenta
1212 1346 1568 1415 praeberent:
1601 1344 1754 1413 quod
1780 1342 1983 1399 exinde
2010 1342 2201 1414 colligi
2225 1351 2356 1414 pot*-

328 1449 437 1507 est,
469 1440 922 1511 quandoquidem
949 1439 1452 1496 commendatarius
1480 1440 1550 1493 de
1585 1440 1849 1505 Herrera,
1879 1438 1967 1492 vir
2000 1439 2184 1494 dictae
2211 1438 2355 1493 ciui-

333 1536 465 1591 tatis
491 1536 693 1591 nobilis
727 1555 792 1592 ac
819 1555 1148 1609 generosuS,
1178 1535 1381 1608 viginti
1413 1533 1647 1591 ducatos
1682 1535 1839 1590 Patri
1876 1532 2094 1590 doctori
2120 1535 2179 1589 in
2205 1535 2358 1592 6166-

323 1649 621 1703 mosynam
646 1641 732 1688 est
758 1632 1048 1704 elargitus,
1080 1634 1429 1698 tantundem,
1459 1632 1506 1688 si
1532 1631 1820 1703 promissis
1845 1631 2084 1698 steterit,
2113 1631 2358 1703 singulis

330 1727 495 1781 annis
520 1727 862 1798 elargiturus
895 1729 966 1783 ad
1010 1728 1474 1784 sustentationem
1511 1727 1680 1782 vnius
1713 1727 2003 1783 scholaris,
2044 1729 2251 1783 Comes
2283 1729 2358 1786 de

333 1823 527 1877 Melito
555 1825 574 1851 ³
612 1842 678 1879 ea
723 1824 1070 1896 benignitate
1105 1842 1170 1879 ac
1203 1824 1551 1880 humanitate
1594 1826 1885 1880 doctorem
1931 1824 2201 1896 suscepit’,
2244 1843 2359 1896 qua

326 1917 488 1972 illum
523 1927 621 1973 tua
654 1919 959 1990 paternitas
991 1920 1323 1991 excepisset,
1355 1919 1672 1991 ipsumque,
1702 1920 1894 1975 multis
1920 1920 2184 1991 precibus
2217 1938 2357 1976 con-

332 2013 568 2082 uictum,
598 2015 753 2070 domi
779 2033 914 2071 suae
939 2015 1176 2072 detinuit
1202 2017 1273 2071 ad
1298 2015 1511 2086 aliquot
1535 2016 1674 2072 dies.
1706 2018 1759 2072 Is
1784 2015 1871 2070 vir
1890 2035 2005 2071 non
2025 2017 2211 2073 secius
2237 2034 2356 2072 rem

330 2108 454 2180 agit
479 2109 797 2177 SocietatiS,
829 2128 996 2180 quam
1028 2111 1077 2166 si
1101 2120 1233 2166 voto
1265 2112 1631 2183 professionis
1667 2113 1848 2170 eidem
1883 2113 2143 2169 addictus
2181 2122 2352 2171 esset:

329 2203 644 2260 discedenti
669 2207 888 2261 doctori
914 2207 1206 2262 duodecim
1233 2226 1436 2262 aureos
1462 2208 1844 2280 suppeditauit
1870 2211 1942 2264 ad
1961 2209 2357 2266 necessitatem

329 2298 568 2355 itineris,

445 2396 587 2452 Vale
619 2397 874 2452 dicturus
905 2400 1101 2453 doctor
1133 2410 1323 2455 noster
1349 2400 2136 2472 archiepiscopo.sciscitatur
2162 2402 2234 2456 ab
2260 2402 2360 2458 illo

334 2491 539 2561 ecquid
559 2494 784 2549 tandem
811 2494 1043 2551 sentiret
1076 2497 1147 2552 de
1179 2498 1285 2550 hac
1312 2497 1615 2553 Societate.
1649 2497 1758 2552 Cui
1785 2497 1879 2554 ille
1905 2498 2196 2569 respondit
2221 2499 2361 2553 illud

333 2585 562 2642 Vnicum
581 2587 688 2642 sibi
708 2607 822 2644 non
843 2590 1082 2660 probari,
1107 2591 1333 2647 nimiam
1355 2592 1618 2665 (inquam)
1639 2602 1977 2664 potestatem
1999 2594 2171 2661 illam,
2196 2595 2362 2666 cujus

333 2699 505 2753 supra
542 2678 885 2741 mentionem
913 2686 1171 2755 fecimus;
1203 2689 1418 2758 reliqua
1442 2707 1578 2744 vero
1622 2707 1722 2761 per
1747 2690 1936 2745 omnia
1969 2690 2078 2745 sibi
2112 2692 2356 2762 placere:

330 2778 485 2834 vnde
525 2787 583 2832 et
620 2779 915 2851 subiungit
948 2781 1052 2835 sibi
1086 2782 1144 2836 in
1178 2784 1363 2838 animo
1399 2803 1522 2840 esse
1555 2784 1611 2838 in
1647 2785 1828 2857 patria
1861 2804 1964 2841 sua
2000 2786 2356 2855 feminarum,

332 2891 453 2928 non
479 2874 874 2943 quarumlibet,
903 2878 1003 2931 sed
1029 2879 1574 2950 consanguinearum
1601 2882 1912 2954 dumtaxat,
1956 2883 2357 2938 monasterium

333 2977 614 3037 extruere,
644 2971 913 3040 adjiciens
931 2972 1093 3042 juxta
1118 2973 1265 3028 illius
1291 2975 1462 3030 situm
1488 2977 1678 3031 locum
1705 2995 1831 3034 esse
1862 2978 1983 3049 ipsa
2016 2979 2362 3036 amoenitate

335 3065 854 3134 commendabilem,
884 3068 980 3121 vbi
1012 3069 1147 3124 viris
1180 3070 1285 3140 piis
1319 3089 1385 3125 ac
1418 3071 1694 3143 religiosis
1727 3074 1929 3128 domus
1964 3074 2108 3147 erigi
2142 3084 2356 3146 posset,

425 3315 438 3340 ¹
501 3313 616 3358 Erat
637 3313 927 3359 hic'«Pedro
950 3314 1175 3374 Campos,
1197 3331 1292 3375 que
1322 3317 1476 3362 murio
1500 3320 1543 3363 el
1566 3323 1657 3364 afio
1690 3331 1797 3377 1551
1832 3336 1894 3366 en
1915 3322 2101 3368 Toledo
2122 3322 2183 3368 de
2206 3322 2366 3368 Cano-

330 3386 449 3443 nigo
472 3387 720 3445 Magistra]
737 3402 770 3446 y
787 3385 973 3445 Obispo
990 3389 1154 3433 titular
1169 3389 1231 3434 de
1248 3380 1409 3448 Utica,
1428 3407 1522 3450 que
1538 3397 1697 3452 ocupo
1711 3396 1851 3453 aquel
1870 3396 2059 3455 pulpito
2074 3411 2167 3442 con
2189 3399 2366 3443 mucha

328 3460 578 3517 gravedad
599 3476 631 3520 y
654 3460 831 3505 uncion
853 3462 1183 3518 evangelica.»
1209 3464 1269 3507 V.
1289 3475 1358 3508 DE
1375 3477 1441 3510 LA
1460 3467 1692 3523 FUENTE,
1710 3469 1943 3514 Historia
1963 3472 2023 3516 de
2045 3471 2123 3516 las
2153 3471 2370 3518 Uni-ver·

333 3535 568 3579 sidades..
594 3540 669 3588 ,t.
693 3546 746 3592 11,
770 3548 881 3593 pag.
905 3534 1008 3580 206.

422 3611 439 3636 ²
502 3609 676 3654 Petrus
713 3609 876 3668 Lopez
911 3608 973 3653 de
1003 3609 1176 3669 Ayala,
1213 3626 1376 3657 comes
1413 3624 1463 3657 lv
1495 3614 1556 3659 de
1588 3616 1895 3662 Fuensalida.
1935 3619 2207 3678 POLANCO,
2238 3626 2275 3665 t
2307 3633 2364 3679 11,

333 3696 446 3740 pag.
474 3691 575 3741 107,
598 3697 647 3727 n.
672 3682 775 3739 256,
799 3688 850 3727 et
871 3695 981 3741 pag
1000 3682 1106 3740 796.

424 3757 442 3782 ³
503 3755 716 3801 Didacus
738 3755 957 3802 Hurtado
977 3754 1039 3799 de
1062 3757 1311 3804 Mendoza.
