2658 4296
359 253 446 299 362
1036 254 1331 303 EPISTOLAE
1363 243 1720 291 ΜΙΧΤΑΕ-3οὸ

1307 503 1463 556 3118

928 618 1319 666 STEPHANUS
1360 610 1829 663 CAPONSACCHI

815 723 1349 780 LUDOVICO
1391 715 1950 775 COUDRETO

1013 852 1248 888 ΒοΝοΝΙΑ
1275 851 1328 898 19
1344 848 1527 883 MARTn
1552 844 1665 891 1550
1702 836 1740 878 ¹.

503 945 750 1002 Aegrotus
772 951 1023 1003 aegrotum
1045 948 1245 1003 solatur,
1268 944 1525 1000 desumpto
1556 954 1617 984 ex
1639 937 1754 982 divo
1783 937 1936 982 Paulo
1957 941 2261 994 argumento.
2352 972 2355 978 .

477 1050 598 1103 Pax
626 1048 747 1116 tibi,
768 1049 856 1102 ¹mi
885 1050 1075 1117 frater,
1106 1058 1163 1104 et
1182 1049 1386 1105 iterum
1407 1064 1517 1116 pax
1531 1047 1690 1117 Jesu,
1717 1060 1864 1112 quae
1883 1048 2157 1112 exuperat
2177 1057 2404 1095 ornnem

365 1163 619 1212 sensum,
650 1163 870 1216 semper
897 1146 970 1200 sit
994 1164 1215 1216 semper
1240 1153 1446 1200 tecum.

480 1243 583 1309 Te,
623 1259 790 1311 quem
824 1260 930 1298 nec
948 1241 1133 1296 visum
1167 1239 1321 1305 noui,
1346 1247 1403 1293 et
1429 1237 1524 1290 vix
1552 1245 1749 1290 notum
1772 1234 1978 1301 amaui,
2003 1243 2060 1288 et
2085 1252 2220 1287 mox
2245 1233 2407 1288 velut

366 1354 467 1407 per
494 1345 855 1393 transennam
882 1337 1087 1403 visum,
1118 1345 1314 1390 notum
1342 1343 1398 1390 et
1427 1334 1754 1399 allocutum,
1787 1330 2090 1402 plurimum
2125 1329 2316 1396 dilexi,
2347 1337 2408 1383 et

368 1450 523 1486 nunc
550 1434 840 1487 absentem
870 1450 1125 1503 corpore,
1157 1438 1508 1502 praesentem
1536 1438 1726 1484 autern
1753 1427 1891 1482 mihi
1918 1427 2091 1481 corde
2118 1443 2286 1495 saepe
2313 1444 2407 1480 re-

369 1529 514 1594 eolo,
552 1527 781 1582 nomino
815 1538 872 1584 et
917 1528 1111 1599 diligo,
1161 1525 1354 1598 paucis
1399 1525 1489 1580 his
1523 1525 1795 1594 alloquar,
1838 1522 2157 1594 inopinatas
2194 1522 2410 1575 salutes

369 1623 608 1689 mittam,
640 1623 920 1691 solatium,
952 1624 999 1679 si
1027 1624 1160 1695 quid
1187 1641 1312 1678 esse
1339 1630 1527 1694 potest
1552 1623 1623 1676 ab
1650 1619 1946 1692 languido,
1985 1618 2144 1673 fratri
2171 1626 2410 1689 aegroto

373 1728 660 1790 praestare
694 1714 941 1776 tentabo,
983 1721 1135 1776 Nihil
1168 1729 1273 1785 est,
1305 1719 1381 1773 nli
1422 1719 1614 1784 frater,
1646 1718 1800 1787 quod
1834 1716 1899 1790 (si
1938 1718 2098 1772 Deus
2129 1714 2267 1769 velit
2302 1731 2413 1768 nos

370 1815 505 1886 pati)
545 1816 723 1886 pluris
769 1816 1038 1871 faciamus
1084 1835 1250 1886 quam
1298 1814 1468 1869 animi
1513 1813 1878 1885 corporisque
1923 1811 2283 1877 iactationes3
2321 1810 2412 1864 his

373 1910 524 1966 enim
544 1921 602 1967 et
622 1913 694 1966 ad
714 1912 1085 1968 necessariam
1108 1930 1356 1983 pugnam
1378 1910 1795 1965 introducimur
1814 1918 1872 1963 et
1890 1925 2240 1973 exercemur,
2266 1924 2413 1976 quae

371 2006 641 2061 continua
672 2016 759 2062 est
791 2008 1051 2063 omnibus
1096 2008 1154 2062 in
1200 2017 1348 2064 terra
1392 2006 1742 2074 viuentibuS,
1778 2006 1869 2060 his
1902 2003 2156 2059 interiori
2181 2002 2413 2058 homine

368 2103 719 2170 roboramur,
751 2103 859 2169 his,
890 2103 1182 2160 similiores
1209 2102 1378 2174 capiti
1402 2111 1599 2158 nostro
1627 2101 1838 2168 effecti,
1865 2099 2136 2155 victoriae
2154 2098 2412 2170 ingentia

371 2197 620 2268 praemia
654 2199 840 2270 (prout
881 2199 940 2252 in
985 2199 1264 2255 exercitiis
1309 2199 1566 2269 habetur)
1603 2216 1916 2269 speramus:
1947 2196 2057 2262 his,
2098 2204 2161 2249 ut
2196 2195 2268 2248 ad
2303 2212 2411 2248 nos

374 2295 619 2360 redeam,
650 2294 831 2349 virtus
856 2295 1162 2366 perficitur.
1201 2298 1330 2351 Non
1359 2304 1457 2350 tua
1487 2294 1797 2350 necessitas
1825 2294 1926 2348 sed
1959 2291 2286 2347 humanitas
2314 2299 2414 2344 tua

374 2388 611 2445 dixerim
657 2391 825 2444 modo
869 2391 1025 2456 mihi,
1076 2391 1289 2447 ruditer
1334 2399 1391 2446 et
1433 2390 1774 2446 inconcinne
1814 2388 2091 2461 loquenti,
2129 2386 2414 2442 scribendi

374 2502 571 2539 ansam
596 2486 909 2556 praebebit3
938 2489 1088 2543 vnde
1114 2496 1171 2542 et
1195 2488 1428 2544 liberius
1447 2506 1617 2558 quam
1637 2506 1764 2543 mea
1785 2487 1893 2541 fert
1913 2484 2142 2540 humilis
2162 2482 2416 2550 conditio

378 2589 436 2635 et
461 2579 689 2636 indocta
715 2582 985 2653 cognitiO,
1016 2583 1192 2637 veluti
1227 2584 1561 2638 conniuenti
1594 2586 1736 2639 haec
1772 2584 2035 2640 exarabo.
2076 2581 2295 2646 VirtuS,
2326 2579 2418 2632 in—

356 2690 569 2745 quam,
602 2680 815 2732 Pau-lus
840 2678 1042 2748 inquit,
1073 2679 1131 2733 in
1152 2680 1476 2736 infirmitate
1498 2680 1788 2751 perficitur
1809 2681 1851 2746 ²,
1876 2687 1975 2733 aut
1994 2677 2184 2750 potius
2213 2676 2415 2743 Paulo,

378 2771 669 2827 stimulum
704 2791 841 2829 suae
875 2774 1058 2829 carnis
1093 2776 1300 2831 auferri
1346 2795 1379 2830 a
1422 2779 1546 2831 Deo
1585 2776 1789 2842 oranti,
1838 2778 1999 2831 Deus
2034 2773 2327 2845 respondit
2361 2781 2420 2828 et

378 2866 582 2937 inquit:
612 2868 821 2924 sufficit
850 2869 950 2923 tibi
984 2871 1166 2941 gratia
1192 2890 1336 2938 mea,
1367 2891 1498 2926 narn
1530 2872 1713 2926 virtus
1746 2872 1806 2925 in
1832 2870 2159 2925 infirmitate
2192 2868 2418 2940 perfici-

382 2970 493 3023 tur.
530 2965 716 3034 Quem
751 2965 937 3020 carnis
970 2966 1259 3021 stimulum
1295 2967 1403 3021 sibi
1442 2968 1650 3023 auferri
1675 2968 1921 3039 petierit,
1963 2968 2256 3023 decertant
2290 2966 2419 3037 plu-

382 3058 527 3126 rimi,
559 3069 617 3115 et
650 3062 835 3116 adhuc
869 3063 976 3117 sub
1009 3062 1196 3117 iudice
1228 3066 1352 3118 Deo
1386 3063 1454 3118 lis
1488 3073 1574 3120 est
1609 3073 1666 3120 et
1699 3063 1791 3118 sit.
1832 3065 1953 3119 Nos
1980 3072 2171 3118 tamen
2196 3061 2291 3116 hic
2317 3079 2423 3132 pro

382 3162 635 3225 tempore
687 3156 976 3211 stimulum
1038 3158 1221 3212 carnis
1284 3160 1705 3230 corruptionem
1766 3159 1890 3215 eius
1942 3160 2014 3215 ad
2065 3157 2422 3230 propositum

383 3258 640 3305 nostrum
675 3251 1079 3324 intelligamUS,
1116 3254 1187 3309 de
1223 3273 1334 3324 qua
1367 3256 1538 3325 paulo
1574 3265 1706 3312 ante
1743 3255 1962 3311 dixerat
1995 3256 2150 3326 quod
2194 3253 2426 3326 gloriari

381 3363 497 3399 non
532 3347 758 3418 expedit
792 3347 852 3402 in
878 3350 986 3403 hac
1019 3350 1336 3404 substantia
1370 3351 1608 3421 gloriae,
1652 3360 1773 3405 turn
1806 3351 1941 3420 quia
1978 3370 2098 3406 non
2124 3351 2426 3422 pulchrum

379 3450 468 3495 est
495 3444 777 3510 mortaleS‚
808 3445 946 3499 fletu
972 3445 1161 3515 potius
1187 3446 1392 3517 dignos
1421 3465 1589 3516 quam
1616 3449 1803 3516 laude,
1829 3446 2124 3516 celebrari,
2150 3455 2272 3500 tum
2293 3445 2429 3515 quia

381 3538 476 3592 uel
502 3537 561 3591 in
596 3538 718 3609 ipsa
752 3539 1089 3611 gloriatione
1123 3559 1228 3596 sua
1262 3544 1431 3596 homo
1465 3542 1707 3597 carnalis
1742 3543 1952 3599 deficit:
1990 3543 2144 3599 vnde
2177 3551 2234 3598 et
2261 3542 2426 3599 Salo—

473 3669 485 3695 ¹
549 3672 622 3715 Ex
644 3672 944 3731 autographo
962 3671 1012 3716 in
1035 3674 1131 3717 vol.
1155 3673 1212 3729 B,
1237 3672 1380 3718 unico
1402 3672 1538 3731 folio,
1562 3689 1615 3718 n.
1646 3686 1751 3731 200,
1775 3675 1908 3734 prius
1930 3675 2006 3720 60.

473 3747 491 3771 2
554 3756 589 3788 11
611 3746 693 3789 AD
715 3745 865 3805 Con„
887 3757 977 3805 xn,
1000 3760 1045 3803 9.
