2658 4296
423 330 512 378 924

424 439 538 482 Dux
575 437 840 482 Ferrariae.
872 435 998 481 Vide
1035 437 1173 490 Este,
1211 435 1395 478 Hercu-

484 514 556 556 les
579 511 658 555 de.

424 587 536 630 Dux
554 585 615 629 de
633 584 839 630 Gaudia.
859 583 985 629 Vide
1002 583 1163 642 Borja,
1183 584 1396 641 Joannes

482 658 560 714 de3
572 657 732 715 Borja,
745 657 1052 702 Franciscus.
1072 658 1214 714 Item,
1234 655 1394 713 Borja,

483 733 700 778 Carolus.

427 809 540 851 Dux
562 806 623 850 de
641 805 944 851 Guimaraes.
970 805 1096 849 Vide
1126 802 1396 857 Eduardus,

484 882 687 925 Duarte.

426 955 540 997 Dux
571 952 649 996 del
678 951 952 997 Infantado.
990 949 1115 995 Vide
1153 950 1314 1007 Lopez
1336 948 1396 991 de

485 1026 736 1081 Mendoza,
764 1026 986 1083 Ignigus.

426 1102 539 1144 Dux
560 1100 621 1144 de
640 1099 894 1159 Maqueda.
921 1099 1046 1144 Vide
1080 1097 1326 1143 Cardenas
1350 1100 1399 1139 et

485 1174 723 1227 Pacheco‚
746 1173 1088 1217 BernardinUS.

429 1248 543 1291 Dux
585 1246 646 1290 de
693 1246 1001 1291 Medinaceli.
1049 1245 1173 1290 Vide
1221 1242 1396 1298 Cerda,

486 1322 700 1378 Joannes
722 1320 783 1364 de
805 1322 871 1364 la.

429 1395 546 1438 Dux
583 1394 643 1438 de
681 1394 875 1438 Medina
910 1393 970 1438 de
999 1392 1226 1437 Rioseco.
1272 1389 1397 1434 Vide

485 1470 753 1526 Enriquez,
803 1467 1153 1512 Ferdinandus.
1178 1490 1235 1498 —-
1263 1467 1398 1509 Enri-

485 1556 609 1601 quez
631 1541 802 1596 Gir0n,
827 1542 1125 1586 Ludovicus.

427 1617 541 1660 Dux
557 1615 618 1659 de
636 1617 962 1660 Monteleone.
975 1615 1100 1660 Vide
1118 1614 1396 1673 Pignatelli,

487 1691 688 1734 Hector.

430 1765 544 1807 Dux
582 1763 642 1807 de
675 1763 868 1821 Najera.
909 1765 1035 1809 Vide
1065 1764 1314 1824 Maurique
1336 1765 1397 1809 de

485 1838 625 1895 Lara,
638 1838 1178 1897 Antonius.—Joannes
1197 1840 1398 1898 Stepha—

490 1926 600 1955 nus.

428 1986 542 2028 Dux
559 1984 620 2028 de
642 1985 892 2030 Pastrana.
912 1986 1037 2031 Vide
1052 1987 1320 2045 Ruigomez
1337 1987 1397 2031 de

442 2087 443 2090 =
487 2058 637 2104 Silva.

897 2172 949 2220 E

432 2281 607 2324 Ebora.
635 2282 759 2326 Vide
789 2284 966 2327 Evora.

430 2356 670 2412 Echaves,
693 2357 772 2400 Fr.
797 2357 1026 2415 ThomaS,
1045 2356 1104 2404 O.
1130 2359 1205 2415 P.,
1224 2360 1399 2404 Valen-

490 2428 604 2472 tiam
646 2430 797 2473 venit:
839 2431 1257 2488 Caesaraugustae
1287 2448 1397 2477 con-

491 2501 729 2556 cionatur,
759 2503 863 2548 116.

430 2574 576 2631 Eder,
602 2575 863 2635 Georgius,
891 2576 989 2621 133.

430 2646 683 2692 Eduardus
720 2651 962 2709 (Duarte),
993 2651 1169 2708 infans,
1204 2653 1301 2698 dux
1339 2654 1400 2698 de

490 2721 801 2780 Guimaraes,
845 2734 955 2779 5053
997 2725 1101 2782 ejus
1134 2726 1281 2785 filius,
1324 2743 1402 2772 co-

487 2796 756 2841 mestabilis
774 2797 1117 2858 Portugalliae,
1140 2801 1242 2855 506.

431 2869 602 2925 Eguia,
628 2870 821 2927 Agatha
842 2872 921 2930 de,
943 2872 1047 2928 488.

432 2941 602 2997 Eguia‚
632 2942 800 3000 Agnes
823 2943 903 3003 de,
925 2944 1037 3001 488.

432 3014 605 3072 Eguia,
628 3016 902 3062 Bernardus
921 3017 1000 3076 de,
1018 3018 1123 3074 488.

432 3087 605 3146 Eguia,
629 3089 888 3134 Catharina
905 3091 984 3148 de,
1004 3091 1107 3148 488.

434 3162 606 3220 Eguia,
630 3164 684 3208 P.
725 3165 939 3210 Didacus
977 3167 1056 3225 de,
1089 3167 1145 3212 S.
1186 3171 1252 3226 J.,
1282 3181 1352 3227 153
1377 3186 1405 3215 a

491 3235 637 3281 fratre
682 3238 792 3283 Gou
834 3242 1095 3299 salutatur,
1134 3244 1209 3299 463
1253 3251 1301 3288 et
1343 3247 1403 3289 ab

491 3309 616 3367 aliis,
636 3309 739 3366 367,
759 3312 863 3370 428,
888 3324 992 3370 4793
1014 3316 1181 3373 nepoti
1205 3317 1404 3361 Nicolao

494 3384 681 3439 scribit,
700 3385 803 3441 487,
822 3387 926 3442 488;
947 3389 1133 3433 obitum
1151 3389 1312 3435 fratris
1331 3394 1407 3437 sui

494 3455 727 3515 Stephani
764 3461 985 3513 nuntiat,
1029 3474 1257 3522 499-501,
1301 3477 1404 3524 572,

494 3531 712 3576 hortatur
737 3533 796 3576 ad
822 3535 1085 3592 collegium
1103 3537 1151 3581 in
1178 3540 1297 3583 urbe
1323 3542 1408 3584 Es-

496 3606 610 3648 tella
658 3607 989 3665 condendum,
1035 3609 1255 3668 593-596,
1300 3613 1404 3670 603,

495 3677 601 3722 681.

437 3752 609 3809 Eguia,
634 3754 883 3800 Elisabeth
905 3757 984 3813 de,
1007 3758 1111 3814 488.

435 3826 605 3881 Eguia,
632 3828 817 3883 Joanna
839 3829 917 3885 de,
940 3830 1048 3886 488.

1335 313 1550 356 IchEs

1485 429 1660 486 Eguia,
1680 430 1830 474 Maria
1851 429 1929 482 de,
1953 429 2057 486 488.

1485 504 1660 561 Eguia,
1684 503 1890 548 Michael
1920 503 1999 557 de,
2023 504 2132 561 488.

1486 579 1660 635 Eguia,
1684 578 1913 622 Nicolaus
1934 578 2014 636 de,
2038 588 2108 635 15,
2127 580 2232 636 487,
2256 593 2366 638 499.

1447 693 1450 696 .
1487 653 1658 709 Eguia‚
1683 652 1858 696 Petrus
1881 651 1960 705 de,
1983 653 2090 709 488.

1488 727 1661 783 Eguia,
1685 726 1907 785 Philippa
1936 726 2016 785 de,
2041 738 2143 784 501.
2383 785 2389 789 ἡ

1489 801 1662 857 Eguia,
1686 799 1964 858 Stephanus
1986 801 2068 859 de,
2091 801 2143 846 S.
2169 803 2236 861 J.,
2259 813 2330 862 15,
2353 804 2462 861 428,

1545 873 1650 930 487,
1688 872 1793 929 488;
1839 874 1918 932 pie
1961 874 2180 920 moritur:
2221 876 2327 935 ejus
2365 880 2465 922 elo-

1545 948 1699 1006 gium,
1721 957 1937 1005 499-501‚
1962 958 2067 1007 520,
2090 959 2194 1007 594·

1488 1023 1661 1080 Eguia,
1685 1023 1899 1079 Joannes
1921 1022 2160 1068 Martinez
2181 1024 2260 1078 de,
2284 1024 2389 1081 488.

1489 1097 1662 1153 Eguia,
1692 1096 1924 1140 Nicolaus
1949 1098 2188 1142 Martinez
2211 1098 2292 1157 de,
2316 1099 2470 1144 domi-

1547 1185 1638 1214 nus
1660 1169 1721 1214 de
1744 1170 1922 1227 Iraeta,
1947 1182 2051 1227 500,
2077 1181 2181 1229 594.

1487 1243 1605 1301 Ejea
1653 1244 1714 1288 de
1760 1246 1832 1289 los
1875 1244 2158 1291 Caballeros
2181 1283 2192 1305 ,
2237 1248 2470 1306 oppidum

1546 1318 1832 1377 Hispaniae,
1857 1318 1961 1375 530.

1486 1393 1653 1445 Elche,
1678 1393 1833 1451 patria
1855 1394 1989 1439 Petri
2007 1393 2305 1454 Perpiniani‚
2326 1396 2377 1440 S.
2399 1398 2469 1455 J.,

1547 1479 1650 1511 200.

1486 1542 1742 1599 Eleonora,
1767 1542 1930 1588 Caroli
1953 1543 1997 1587 V
2028 1557 2180 1600 soror,
2213 1558 2336 1589 uxor
2357 1546 2467 1588 Em-

1545 1616 1803 1674 manuelis,
1822 1617 1955 1675 regis
1973 1618 2191 1674 lusitani,
2212 1633 2369 1678 eoque
2385 1619 2468 1664 de-

1545 1689 1739 1748 functo,
1763 1691 1870 1748 regi
1901 1691 2110 1749 Galliae,
2135 1692 2396 1737 Francisco
2427 1695 2470 1749 I,

1549 1770 1717 1822 nupta,
1742 1765 1845 1822 269.

1489 1839 1714 1895 Elgueta,
1739 1840 1972 1896 Joannes,
1997 1839 2101 1896 728.

1485 1912 1736 1956 Elisabeth
1759 1949 1770 1970 ,
1801 1913 1995 1970 infans,
2026 1913 2128 1958 filia
2166 1914 2357 1972 Jacobi,
2399 1916 2470 1962 IV

1549 1986 1686 2030 ducis
1709 1986 1770 2030 de
1793 1988 2062 2046 Braganca,
2088 1998 2194 2046 505,
2214 1988 2317 2045 506.

1488 2060 1759 2116 Elisabeth,
1769 2060 1930 2105 infans
1938 2062 2287 2121 portugalliae,
2300 2068 2471 2121 postea

1546 2134 1848 2193 imperatrix,
1871 2150 1994 2180 uxor
2016 2137 2179 2182 Caroli
2201 2138 2263 2194 V,
2287 2137 2392 2194 849.

1490 2208 1769 2268 Elisabeth,
1800 2210 1979 2268 conjux
2009 2212 2213 2269 Joannis
2244 2212 2308 2267 ΙΙ,
2337 2212 2470 2269 regis

1550 2283 1814 2337 Castellae,
1848 2285 1898 2329 in
1936 2288 2160 2344 sepulcro
2198 2286 2331 2332 Stae.
2370 2288 2470 2331 Ma·
2533 2307 2536 2311 ·

1545 2358 1646 2402 riae
1663 2358 1730 2403 ‘de
1753 2359 2023 2405 Miraflores
2042 2360 2193 2418 jacet,
2214 2371 2317 2417 577.

1487 2432 1741 2476 Elisabeth
1762 2434 1802 2491 I,
1825 2434 1996 2491 regina
2017 2435 2262 2479 catholica
2283 2435 2471 2480 Castel-

1546 2507 1640 2559 lae,
1690 2507 1983 2552 coenobium
2017 2508 2150 2553 Stae.
2191 2509 2371 2553 Mariae
2407 2509 2472 2553 de

1547 2580 1812 2624 Miraflores
1835 2581 2115 2639 amplificat,
2141 2592 2245 2640 577,
2276 2582 2380 2638 650.

1488 2654 1610 2697 Elva
1632 2651 1706 2709 (Ξ),
1731 2669 1885 2712 pagus
1911 2656 2206 2713 Aragoniae,
2232 2655 2335 2713 530.
2413 2713 2418 2716 .

1486 2727 1652 2784 Elvas,
1677 2728 1907 2786 oppidum
1932 2730 2232 2775 Lusitaniae:
2253 2729 2323 2774 ibi
2340 2730 2471 2775 exci-

1549 2800 1679 2858 pitur
1703 2804 1909 2859 Joanna,
1934 2803 2098 2848 Caroli
2121 2805 2165 2848 V
2186 2804 2302 2859 filia,
2326 2807 2472 2863 Joan-

1546 2877 1613 2932 ni,
1639 2878 1845 2937 principi
1871 2880 2222 2940 Portugalliae,
2241 2880 2292 2925 in
2309 2882 2475 2926 matri-

1549 2951 1765 2995 monium
1788 2953 1921 3011 data,
1947 2953 2052 2999 801.

1491 3024 1801 3075 Emmanuel,
1839 3042 1927 3071 rex
1965 3027 2318 3086 Portugalliae,
2362 3029 2469 3086 269,

1552 3108 1654 3154 505.

1486 3172 1746 3232 Enriquez,
1774 3175 2074 3234 Alphonsus,
2098 3177 2251 3221 abbas
2275 3176 2469 3221 valliso—

1551 3247 1760 3303 letanus,
1786 3249 2021 3294 Societati
2050 3249 2203 3308 favet,
2233 3250 2338 3303 622,
2363 3249 2468 3295 632.

1490 3319 1733 3378 Enriquez
1755 3322 2112 3380 Ferdinandus,
2138 3323 2404 3368 almirallus
2426 3324 2472 3367 V

1551 3393 1815 3452 Castellae,
1834 3397 1933 3441 dux
1951 3399 1974 3441 Ι
1990 3398 2051 3442 (16
2070 3398 2266 3442 Medina
2282 3398 2344 3442 de
2361 3397 2474 3443 Rio-

1553 3482 1685 3527 seco,
1708 3484 1872 3515 comes
1896 3472 1965 3515 IV
1988 3471 2048 3516 de
2067 3473 2273 3532 Melgar,
2291 3473 2396 3517 622.

1493 3543 1737 3601 Enriquez
1767 3546 2045 3604 (Enriques,
2071 3547 2387 3606 Henriques),
2417 3547 2472 3591 P.

1555 3615 1674 3673 Leo,
1708 3617 1759 3662 S.
1785 3619 1852 3676 J.,
1881 3620 1951 3674 16;
1985 3618 2292 3678 Olisiponem
2319 3634 2476 3664 arces-

1555 3688 1678 3733 situr
1694 3705 1722 3734 a
1739 3691 1937 3736 Simone
1948 3693 2343 3752 Rodericio,722;
2362 3693 2476 3738 huic

1555 3764 1701 3809 tradit
1731 3764 1822 3809 Sti.
1855 3767 2035 3824 Ignatii
2065 3768 2272 3821 litteras,
2298 3768 2478 3827 quibus

1554 3852 1669 3882 cura
1710 3841 1915 3897 regendi
1945 3842 2246 3899 provinciam
2280 3843 2475 3887 levaba-
