2658 4296
1025 268 1080 316 19
1112 258 1306 303 Mna-ru
1340 266 1454 314 1550
2169 258 2258 304 363

214 407 351 444 mon
392 388 490 455 ait,
533 388 686 458 quod
724 404 955 443 sensum
989 385 1168 440 multa
1193 382 1544 454 cogitatione
1576 383 1829 455 affligere
1862 394 2030 456 atque
2067 386 2259 457 depri-

218 503 373 541 mere
399 493 622 540 terrena
646 481 983 538 inhabitatio
1016 480 1180 535 solita
1211 478 1305 546 sit,
1335 487 1399 532 vt
1433 487 1491 535 et
1519 480 1733 534 Paulus
1766 481 2052 550 praedicta
2086 483 2260 538 verba

219 580 416 636 multis
460 577 906 636 reuelationibus
949 576 1057 632 sibi
1091 575 1257 631 factis
1290 575 1667 647 subiungenS,
1699 576 2003 632 contestari
2034 577 2261 632 videtur

223 685 452 748 propter
476 676 631 746 quod
680 676 849 729 datus
881 673 1164 739 stimulus,
1202 671 1311 728 etsi
1337 680 1470 727 ante
1503 671 1627 742 ipse
1651 670 1803 726 dicat
1835 672 1943 727 sibi
1974 673 2114 739 dari,
2144 692 2259 728 non

221 773 330 828 sibi
356 772 633 839 accidere,
661 770 804 825 nihil
830 780 1020 827 tamen
1043 768 1305 841 prohibet
1330 769 1403 823 ad
1427 768 1685 824 eamdem
1712 786 1803 823 res
1829 769 2017 838 plures
2044 769 2260 823 aduen-

221 879 343 926 tare
362 887 564 929 causas
588 868 863 938 quasdam
889 867 1197 932 naturales,
1227 873 1450 936 praeter
1476 866 1580 919 has
1606 872 1663 920 et
1691 863 1846 918 alias.
1879 863 1941 919 Si
1974 865 2149 935 igitur
2170 864 2262 918 hie

221 983 499 1038 ponamus
522 982 656 1019 cum
681 962 807 1018 aliis
839 961 1203 1034 opinionibus
1237 962 1402 1033 (quae
1439 978 1638 1015 omnes
1675 959 1916 1014 diuersis
1947 959 2264 1015 rationibus

218 1072 278 1118 et
303 1061 490 1117 causis
514 1078 685 1117 verae
709 1058 822 1114 dici
848 1058 1106 1130 possunt)
1133 1066 1191 1114 et
1215 1059 1366 1112 hanc
1391 1065 1662 1123 nostram,
1686 1064 1750 1110 vt
1769 1074 1870 1126 pro
1892 1055 2118 1110 stimulo
2139 1074 2263 1110 car-

221 1159 310 1215 nis
329 1177 469 1214 suae
490 1157 705 1212 Paulus
723 1154 974 1210 insinuet
994 1153 1414 1225 corruptionem
1443 1151 1652 1208 terreni
1672 1151 1943 1223 corporiS,
1967 1151 2152 1222 magis
2173 1153 2266 1207 uel

222 1256 412 1310 minus
437 1263 536 1308 aut
561 1251 943 1309 diuersimode
976 1250 1312 1316 deficientiS,
1351 1268 1454 1322 pro
1489 1249 1764 1304 varietate
1797 1248 2145 1304 internarum
2171 1256 2269 1301 aut

224 1361 585 1408 externarum
611 1347 987 1419 corporalium
1014 1355 1114 1402 aut
1140 1346 1516 1418 spiritualium
1550 1345 1827 1400 virtutum
1852 1353 1911 1400 et
1948 1362 2267 1411 causarum,

224 1449 355 1504 vide
381 1456 439 1504 et
465 1464 634 1516 quam
661 1463 798 1501 vera
822 1443 897 1499 sit
922 1442 1207 1500 sententia
1231 1443 1327 1498 illa
1354 1444 1436 1516 (ut
1470 1443 1639 1498 simul
1672 1450 1730 1496 et
1762 1440 1897 1496 hinc
1930 1459 2121 1496 sumas
2154 1458 2269 1494 non

225 1544 507 1601 mediocre
539 1541 803 1597 solatium
839 1541 1092 1596 taedioso
1125 1539 1447 1612 prolixitate
1477 1539 1695 1611 morbo)
1727 1557 1841 1608 qua
1867 1538 2083 1592 dictum
2116 1544 2202 1591 est
2237 1555 2270 1590 a

224 1644 368 1696 Deo:
399 1639 581 1694 virtus
606 1639 665 1692 in
691 1637 1019 1693 infirmitate
1044 1636 1354 1708 perficitur3
1384 1636 1642 1706 sequitur
1669 1634 1819 1692 enim
1853 1643 1999 1706 post:
2029 1633 2271 1689 libenter

224 1736 402 1809 igitur
427 1735 715 1807 gloriabor
740 1733 801 1788 in
826 1733 1250 1788 infirmitatibus
1284 1732 1445 1799 meiS,
1484 1741 1550 1787 ut
1582 1731 1861 1787 inhabitet
1895 1731 1954 1785 in
1979 1748 2071 1784 me
2089 1729 2274 1784 virtus

224 1832 458 1889 Christi.
492 1831 604 1886 Hic
638 1830 884 1902 primum
920 1831 993 1884 ad
1037 1848 1236 1886 vocem
1273 1839 1332 1886 et
1363 1830 1719 1886 voluntatem
1753 1828 1864 1884 Dei
1907 1836 2188 1882 mutatum
2214 1834 2273 1881 et

226 1938 410 1985 totum
452 1936 718 2000 pacatum
754 1927 998 1982 Paulum
1031 1925 1228 1993 sentiS,
1266 1944 1436 1996 quem
1463 1925 1620 1997 prius
1656 1933 1839 1980 totum
1872 1924 2188 1995 inquietum
2216 1931 2274 1978 et

225 2024 589 2097 implacidum
637 2034 798 2080 terna
842 2023 1121 2095 petitione
1164 2023 1465 2078 amotionis
1510 2023 1726 2078 stimuli
1772 2022 1947 2078 fuisse
1980 2022 2269 2093 probatur.

229 2122 453 2178 Deinde
486 2121 783 2176 considera
827 2140 979 2187 eum,
1019 2120 1117 2191 qui
1151 2120 1308 2191 prius
1341 2120 1728 2175 infirmitatem
1763 2119 2172 2185 detestabatur,
2211 2126 2275 2170 ut
2326 2146 2328 2149 >

229 2218 466 2290 indigne
492 2217 752 2289 spiritum
778 2236 945 2272 suum
974 2216 1321 2272 cruciantem
1349 2225 1407 2273 et
1431 2217 1834 2282 retardantem,
1864 2233 2018 2269 nunc
2038 2213 2275 2268 infirmi-

231 2324 367 2383 tate,
397 2324 463 2369 ut
488 2314 809 2371 necessaria
833 2323 892 2370 et
916 2315 1082 2371 valde
1099 2315 1374 2386 proficua,
1398 2313 1699 2386 gloriatur,
1724 2322 1782 2370 et
1801 2313 2042 2368 libenter
2068 2310 2278 2381 excipit

227 2421 401 2482 atque
426 2412 688 2468 laetatur.
734 2413 900 2481 Quae
947 2420 1106 2466 tanta
1149 2410 1390 2465 mutatio
1422 2410 1757 2476 voluntatiS,
1799 2418 1899 2464 aut
1937 2409 2086 2464 unde
2120 2416 2278 2462 tanta

225 2509 409 2563 virtus
434 2508 641 2564 mentis
671 2508 855 2576 Pauli,
885 2526 999 2578 qua
1025 2517 1084 2564 et
1119 2509 1320 2579 probet
1351 2517 1410 2562 et
1436 2507 1632 2579 eligat,
1663 2508 1817 2578 quod
1843 2506 2194 2577 improbabat
2221 2512 2279 2560 et

228 2604 513 2676 fugiebat?
540 2606 626 2659 Ex
661 2623 730 2661 eo
764 2605 950 2675 plane,
981 2606 1135 2675 quod
1178 2604 1260 2658 illi
1303 2605 1520 2660 dictum
1566 2613 1672 2659 est:
1710 2603 1920 2658 sufficit
1953 2601 2056 2656 tibi
2093 2599 2277 2673 gratia

229 2720 372 2757 mea.
407 2703 626 2772 Quare?
660 2700 832 2771 Quia,
864 2702 1017 2771 quod
1049 2721 1151 2772 per
1187 2710 1244 2757 te
1277 2702 1464 2756 nescis
1500 2710 1559 2756 et
1591 2700 1814 2771 nequis,
1854 2718 1964 2771 ego
1996 2696 2278 2753 Dominus

233 2797 333 2852 tibi
352 2798 520 2852 dabo.
552 2798 700 2852 Cum
726 2791 877 2852 enim
897 2816 1086 2868 neque
1104 2797 1350 2854 volentis
1370 2816 1556 2868 neque
1570 2796 1850 2853 currentis
1876 2795 1950 2850 sit
1970 2803 2124 2851 recte
2144 2811 2276 2847 cur-

230 2912 357 2951 rere
388 2903 447 2949 et
479 2895 552 2948 ad
596 2887 789 2949 'veram
836 2894 1243 2965 perfectionem
1289 2894 1523 2966 spiritus
1569 2895 1821 2959 tendere,
1871 2891 2187 2946 misericors
2220 2897 2279 2943 et

232 2990 459 3060 sapiens
484 2993 643 3046 Deus
671 2990 1011 3045 concitatam
1039 3009 1155 3045 non
1194 2999 1407 3047 rectam
1434 2992 1786 3046 voluntatem
1815 2997 1872 3044 et
1907 2985 2276 3043 intentionem

232 3105 335 3157 per
360 3086 744 3143 infirmitatem
772 3105 875 3142 seu
901 3085 1291 3157 impotentiam
1318 3095 1634 3142 remoratur
1667 3096 1724 3141 et
1750 3084 1997 3149 instruit,
2036 3081 2182 3153 regit
2210 3098 2277 3134 ac

231 3182 428 3255 dirigit
453 3185 525 3238 ad
551 3202 749 3238 verum
777 3183 866 3238 sui
891 3202 1094 3238 cursus
1121 3185 1312 3239 finem.
1347 3186 1500 3241 Sane
1534 3201 1641 3240 nec
1678 3183 1958 3253 impotens
1994 3188 2080 3235 est
2107 3181 2277 3251 Jesus

231 3288 295 3333 vt
320 3281 416 3336 uel
460 3279 520 3333 in
566 3288 825 3336 emortuo
870 3298 1109 3351 corpore
1147 3281 1424 3336 suscitare
1463 3279 1723 3352 spiritum
1751 3297 1917 3334 suum
1945 3274 2140 3346 possit3
2171 3291 2275 3327 nec

228 3395 489 3443 auersuS,
518 3385 584 3432 ut
617 3377 778 3431 nolit.
812 3379 1010 3432 Potest
1056 3386 1114 3433 et
1157 3379 1308 3445 vult;
1342 3386 1399 3433 et
1435 3377 1568 3447 quia
1602 3378 1748 3443 uult,
1787 3376 1914 3430 ideo
1940 3370 2186 3441 disponit
2212 3378 2278 3422 ut

228 3473 541 3545 accipiatur
567 3483 626 3530 et
649 3484 1015 3545 agnoscatur;
1045 3475 1105 3528 in
1132 3467 1246 3544 qua
1272 3474 1501 3544 quidem
1529 3473 1854 3544 receptione
1874 3479 1931 3526 et
1951 3466 2276 3539 cognitione

228 3588 447 3637 sumuS,
478 3578 537 3626 et
561 3587 798 3626 securus
824 3579 1008 3626 status
1033 3558 1121 3627 est
1147 3571 1392 3626 hominis
1418 3571 1478 3625 in
1504 3573 1611 3625 hac
1638 3570 1774 3634 vita,
1806 3568 1854 3622 si
1891 3566 1996 3621 rite
2021 3562 2280 3632 exemplo

234 3675 293 3723 et
334 3666 594 3722 doctrina
618 3668 941 3741 ‘multorum
987 3668 1269 3725 coniicere
1305 3685 1632 3738 possumus;
1684 3676 1740 3722 et
1784 3664 2009 3734 quidem
2049 3658 2279 3730 spiritus

235 3762 452 3817 Christi
478 3772 566 3818 est
593 3782 707 3835 quo
734 3763 852 3820 vita
878 3774 1092 3832 nostra,
1131 3765 1254 3821 siue
1288 3765 1475 3819 anima
1501 3773 1558 3818 et
1592 3782 1772 3830 mens,
1811 3778 1942 3814 vere
1978 3756 2138 3823 viuit,
2169 3774 2283 3825 quo
