2658 4296
1194 281 1220 328 5
1252 272 1394 330 Juun
1428 282 1542 332 1550
2298 280 2384 338 395

343 400 480 456 bere
526 398 860 469 compellor;
909 416 1124 454 memor
1168 397 1319 455 enim
1354 416 1481 454 sum
1515 396 1909 458 mandatorum
1951 415 2196 474 tuorum,
2240 426 2386 477 quae

345 494 483 549 mihi
510 493 779 565 proximis
807 492 921 548 tuis
946 493 1124 548 literis
1151 493 1448 568 reliquisti,
1482 504 1565 563 ut,
1602 514 1732 552 cum
1770 494 1978 569 patrias
2011 502 2201 559 literas
2234 504 2385 559 acci-

347 609 558 662 perem,
589 589 740 644 illico
767 598 824 646 te
850 607 951 660 per
974 588 1167 646 literas
1195 590 1438 646 facerem
1465 590 1784 648 certiorem.

458 686 706 757 Quidam
741 686 921 757 igitur
953 685 1096 741 ciuis
1129 694 1343 752 noster,
1383 704 1553 762 quem
1590 705 1700 743 nos
1733 690 1785 744 le
1819 691 2114 765 Chatellay
2146 696 2387 751 Grosset

345 782 607 849 dicimuS,
639 802 710 839 ex
735 781 919 853 patria
941 782 1233 853 profectus
1259 790 1367 848 est,
1388 783 1708 856 Jerusalem
1728 784 2125 856 nauigaturus,
2151 790 2233 844 uti
2254 809 2388 845 san-

346 879 657 934 ctissimum
686 877 827 933 illud
850 877 1193 935 desiderium
1229 878 1370 952 (uoti
1402 878 1554 936 enim
1590 897 1652 936 se
1686 899 1846 936 reum
1883 886 2073 955 negat)
2109 904 2221 956 quo
2254 904 2386 941 eum

344 975 460 1031 scis
483 975 595 1030 iam
622 974 756 1030 inde
778 976 855 1031 ab
877 962 1263 1033 adolescentia
1289 983 1602 1041 aestuasse,
1633 977 1904 1046 expleret.
1922 986 1927 993 ‘
1945 980 1997 1032 Is
2031 979 2225 1051 igitur,
2257 1000 2386 1036 cum

343 1075 451 1127 hac
477 1072 584 1128 iter
610 1072 843 1137 faceret,
874 1070 1038 1125 binas
1064 1071 1136 1126 ad
1162 1089 1254 1127 me
1279 1069 1472 1127 literas
1498 1071 1750 1143 pertulit,
1783 1074 1989 1130 alteras
2010 1075 2278 1148 priuigni,
2303 1080 2356 1132 al
2372 1111 2387 1118 -

346 1177 494 1223 teras
515 1166 702 1222 fratris
722 1166 982 1223 Amedei.
1010 1168 1121 1221 Eas
1141 1175 1404 1237 acceptas
1423 1185 1613 1222 coram
1635 1167 1774 1223 R.d0
1797 1171 1863 1223 P.
1891 1170 2113 1240 Elpidio
2131 1173 2391 1240 recitaui,

345 1282 585 1334 quarum
611 1263 780 1319 etiam
807 1281 1088 1317 summam
1115 1262 1217 1316 tibi
1244 1262 1495 1323 breuiter
1520 1264 1727 1336 collegi
1742 1283 1755 1332 ;
1786 1265 1868 1320 sic
1894 1266 2043 1320 enim
2071 1268 2271 1324 melius
2299 1269 2387 1322 ui-

344 1379 471 1416 sum
499 1369 605 1426 est,
637 1378 806 1430 quam
835 1378 931 1415 eas
958 1360 1030 1415 ad
1058 1367 1115 1413 te
1149 1359 1551 1416 transmittere.
1593 1360 1870 1431 Queritur
1904 1361 2203 1434 priuignus
2237 1366 2389 1433 quod

342 1457 529 1512 nullas
554 1464 684 1528 post
712 1457 919 1511 festum
947 1455 1331 1510 natalitiorum
1359 1455 1574 1521 Christi
1601 1458 1673 1511 ad
1701 1474 1763 1511 se
1789 1457 1980 1512 literas
2006 1459 2272 1526 miserim,
2297 1461 2390 1516 uel

342 1552 551 1624 quibus
577 1553 777 1608 saltem
806 1563 926 1606 tum
953 1553 1024 1606 de
1044 1561 1239 1606 nostra
1257 1553 1407 1606 bona
1428 1553 1776 1620 ualetudine,
1803 1563 1923 1607 tum
1945 1554 2113 1610 etiam
2134 1556 2205 1609 de
2225 1573 2388 1611 acce—

343 1649 454 1721 ptis
483 1663 552 1719 73
581 1648 818 1704 scutatis
845 1649 1007 1703 fieret
1034 1647 1261 1715 certior,
1299 1667 1371 1703 ex
1409 1667 1522 1718 quo
1558 1648 1724 1705 facile
1758 1649 1997 1704 coniicio
2031 1652 2283 1705 nondum
2317 1652 2389 1705 ad

343 1765 442 1802 eos
467 1745 658 1801 literas
685 1744 809 1799 illas
843 1743 1192 1815 peruenisse,
1223 1723 1365 1814 duas
1393 1744 1652 1801 Venetiis
1679 1747 1908 1817 Angelo
1936 1746 2198 1818 Baglioni
2232 1763 2385 1801 com-

345 1843 626 1898 miseram.
660 1841 870 1899 Scribit
896 1840 1047 1897 idem
1084 1841 1185 1895 tibi
1219 1843 1418 1898 eadem
1452 1843 1526 1897 de
1558 1861 1620 1898 re
1653 1860 1754 1913 per
1789 1843 2062 1897 famulum
2096 1842 2387 1898 cuiusdam

346 1939 550 1995 nobilis
576 1939 846 1995 nostratis
873 1938 1065 1994 literas
1093 1957 1126 1993 a
1153 1957 1213 1993 se
1240 1937 1485 1993 directas
1514 1938 1711 2005 fuisse,
1744 1957 1856 2009 quo
1882 1939 2064 2010 magis
2090 1940 2264 1994 miror
2283 1959 2390 1996 nec

348 2045 476 2091 tuas
520 2036 711 2091 literas
756 2036 892 2090 illuc
935 2036 1180 2106 perlatas
1226 2034 1422 2091 fuisse.
1473 2036 1568 2090 Ad
1613 2053 1744 2089 eum
1783 2036 1979 2107 paucis
2017 2046 2144 2107 post
2188 2036 2391 2093 diebus

344 2132 627 2204 rescripsi,
660 2151 774 2203 quo
799 2132 925 2187 illos
950 2132 1333 2188 sollicitudine
1365 2135 1472 2187 hac
1505 2133 1777 2198 leuarem,
1816 2122 1998 2202 eoque
2031 2133 2298 2187 libentius
2332 2132 2389 2186 id

349 2230 477 2298 feci,
509 2230 662 2300 quod
690 2228 828 2282 mihi
856 2228 1090 2284 omnino
1117 2230 1189 2283 de
1215 2228 1499 2284 sententia
1525 2247 1630 2283 sua
1654 2228 1850 2284 literae
1884 2230 1955 2283 ad
1989 2238 2225 2283 matrem
2258 2228 2390 2282 mit-

347 2327 552 2383 tendae
579 2336 759 2382 erant.

457 2422 643 2480 Venio
669 2425 742 2478 ad
769 2421 1059 2479 fraterculi
1085 2421 1264 2477 nostri
1298 2421 1511 2488 literaS,
1550 2421 1689 2476 mihi
1727 2421 1955 2493 quidem
1990 2441 2105 2477 non
2139 2422 2393 2493 ingratas

344 2538 530 2591 neque
566 2519 927 2587 iniucundas;
966 2518 1056 2574 his
1089 2518 1240 2573 enim
1276 2538 1338 2575 se
1371 2517 1514 2573 miro
1549 2518 1868 2574 studiorum
1900 2518 2181 2575 desiderio
2215 2518 2392 2574 teneri

344 2615 727 2688 significabat3
776 2617 1019 2688 rogabat
1053 2633 1299 2685 namque
1333 2635 1426 2672 me
1459 2624 1632 2685 atque
1669 2616 1811 2669 adeo
1844 2633 2013 2686 prece
2051 2616 2321 2686 cogebat,
2360 2634 2392 2668 a

346 2708 525 2767 matre
552 2712 637 2767 uti
666 2713 1071 2769 contenderem
1100 2721 1165 2766 ut
1191 2731 1323 2768 eum
1351 2712 1539 2783 aliquo
1566 2713 1639 2766 ad
1666 2711 1855 2766 studia
1881 2711 2105 2768 mittere
2124 2711 2391 2782 dignare—

347 2818 460 2875 tur,
493 2828 639 2879 quae
666 2811 844 2865 uerba
870 2795 1141 2879 quorsum
1168 2807 1492 2880 pertineant
1517 2817 1575 2863 et
1600 2826 1714 2878 quo
1742 2809 1996 2874 tendant,
2036 2807 2197 2862 facile
2232 2816 2306 2872 te,
2345 2807 2391 2860 si

347 2905 592 2962 maxime
620 2915 858 2973 taceam,
890 2905 1219 2962 coniectura
1253 2906 1445 2972 ducet;
1485 2905 1639 2974 quod
1674 2913 1865 2960 tamen
1898 2922 2014 2958 non
2047 2903 2388 2974 impetrauit:

348 3002 490 3056 nihil
516 3002 639 3057 sine
667 3011 767 3057 tuo
793 3001 1034 3057 consilio
1062 3002 1248 3058 facere
1275 3020 1401 3056 sum
1423 3019 1617 3056 ausus.
1644 3002 1707 3055 In
1727 3001 1924 3056 eadem
1946 2999 2182 3071 epistola
2203 3007 2259 3053 te
2280 3000 2392 3052 fra-

349 3108 605 3169 tremque
633 3098 975 3153 Annibalem
1001 3097 1308 3169 plurimum
1335 3098 1558 3154 saluere
1584 3097 1761 3153 iubet.
1801 3098 1960 3152 Haec
1994 3094 2188 3165 scripsi
2224 3112 2390 3165 quam

348 3194 683 3251 breuissime
709 3194 896 3266 potui:
928 3196 1169 3250 fortasse
1197 3204 1387 3251 tamen
1413 3193 1662 3265 longiuS,
1694 3211 1862 3263 quam
1891 3190 2232 3246 ualetudinis
2260 3200 2392 3243 tuae

350 3291 495 3345 ratio
521 3292 884 3362 postulasset.
917 3293 1064 3363 Ego,
1101 3291 1209 3346 etsi
1243 3301 1413 3348 antea
1437 3290 1630 3347 literas
1659 3300 1785 3344 tuas
1813 3286 2199 3358 expectabam,
2238 3303 2391 3339 nunc

348 3396 540 3442 autem
569 3397 633 3442 ut
659 3406 789 3449 cum
816 3387 1060 3444 maxime
1086 3397 1370 3459 exoptem,
1404 3396 1460 3444 te
1488 3396 1678 3441 tamen
1706 3403 1911 3457 rogare
1939 3402 2051 3437 non
2088 3383 2289 3447 audeo,
2329 3391 2393 3434 ut

351 3493 415 3540 tu
442 3485 514 3539 ad
540 3503 631 3540 me
657 3483 850 3540 literas
876 3484 1088 3553 mittas3
1121 3484 1345 3540 tametsi
1371 3483 1512 3538 nihil
1537 3484 1674 3538 mihi
1702 3481 1883 3553 magis
1910 3481 1966 3533 in
1993 3478 2199 3550 optatis
2218 3486 2389 3543 esset,

349 3600 520 3652 quam
548 3582 619 3636 de
645 3589 744 3636 tua
770 3583 1102 3637 confirmata
1127 3581 1458 3637 ualetudine
1484 3590 1541 3635 et
1569 3579 1809 3650 receptis
1837 3577 2051 3630 uiribus
2078 3573 2387 3629 admoneri.

351 3679 738 3749 Quapropter,
768 3677 816 3732 si
843 3678 944 3732 tibi
979 3677 1168 3733 minus
1200 3678 1560 3733 commodum
1597 3676 1704 3732 erit
1742 3676 1932 3729 literas
1965 3690 2215 3736 exarare,
2254 3668 2392 3724 satis

350 3775 408 3829 id
435 3773 572 3828 mihi
599 3775 858 3841 habeam,
890 3776 1026 3829 dum
1053 3792 1145 3829 me
1171 3774 1258 3828 his
1285 3775 1357 3828 de
1383 3775 1554 3828 rebus
1584 3772 1757 3826 facias
1783 3790 1883 3841 per
1910 3768 2047 3823 alios
2069 3765 2386 3846 certioremt
