2658 4296
335 267 430 324 422
1018 256 1313 301 Emsromss
1339 247 1703 303 :mnan—330

459 382 788 453 Inscriptio:
821 379 860 455 †
886 383 962 438 Al
988 380 1176 437 sieruo
1208 381 1282 447 de
1308 382 1446 454 Jesu
1470 376 1702 441 Christo
1728 381 1964 437 nuestro
1990 380 2179 442 senor,
2210 374 2401 438 Hmi—

341 498 443 552 go·
472 497 547 545 en
575 480 773 547 Roma·

1284 745 1440 797 33ss

913 872 1382 929 BERNARDINUS.
1413 872 1503 929 DE
1527 869 1817 923 SALJNAS

722 997 985 1052 PATRI
1035 994 1362 1068 JOANNI
1418 992 1530 1047 DE
1588 989 2015 1046 POLANCO

985 1137 1282 1186 nonam-m
1313 1124 1366 1170 31
1401 1135 1528 1180 JULn
1562 1133 1677 1181 1550
1709 1125 1743 1167 ¹.

352 1249 606 1311 Diversari
626 1264 681 1295 se
702 1212 832 1308 apud
850 1246 1153 1312 Ludovicum
1172 1244 1235 1290 de
1255 1245 1486 1290 Polanco:
1508 1241 1868 1314 qmgximma
1885 1241 2095 1294 Romam
2112 1239 2316 1298 iturum,
2335 1246 2401 1285 a&

1179 1333 1290 1366 cum
1312 1318 1420 1379 ipso
1442 1322 1572 1376 agat.

1355 1421 1393 1495 †

472 1542 612 1611 Muy
637 1539 950 1609 reuerendo
976 1545 1165 1594 sefior.

474 1635 678 1704 Gratia
704 1643 762 1690 et
795 1654 905 1706 pax
939 1653 972 1688 a
1008 1632 1234 1688 domino
1266 1635 1407 1707 Jesu
1442 1632 1672 1693 Christo
1704 1649 1812 1694 con
1848 1631 2028 1686 todos,
2071 1631 2299 1700 Porque
2334 1633 2402 1684 se

363 1751 476 1806 que
502 1735 574 1800 V.
606 1751 680 1795 m.
712 1750 776 1788 se
800 1732 1054 1802 holgara‚
1085 1749 1121 1800 y
1147 1747 1279 1790 creo
1304 1748 1416 1800 que
1454 1747 1529 1784 no
1563 1730 1740 1792 habra
1774 1727 1990 1798 sabydo
2022 1725 2171 1782 nada
2210 1726 2282 1786 de
2321 1725 2398 1780 mi

362 1829 570 1894 venida
594 1833 628 1884 ἐι
654 1837 776 1885 esta
801 1826 1006 1898 ciudad
1031 1826 1102 1880 de
1127 1827 1172 1880 F
1174 1825 1440 1896 lorencia,
1472 1830 1505 1880 a
1531 1824 1718 1886 donde
1745 1824 1799 1881 al
1823 1830 2089 1895 presente
2115 1830 2298 1893 estoy,
2328 1823 2404 1881 he

364 1925 601 1997 querido
627 1925 895 1994 escrebyr
920 1927 1058 1982 esta.
1091 1923 1179 1976 Yo
1204 1930 1367 1993 estoy
1392 1925 1526 1992 aqui
1553 1939 1626 1976 en
1651 1939 1784 1975 casa
1819 1920 1911 1976 del
1938 1927 2106 1974 senor
2140 1919 2297 1989 Luys
2330 1918 2403 1976 de

367 2023 617 2090 Polanco
643 2021 687 2088 ²,
716 2020 852 2075 abra
879 2019 1002 2074 diez
1028 2020 1168 2085 diaS,
1198 2037 1236 2089 y
1262 2036 1394 2075 creo
1421 2036 1532 2089 que
1559 2022 1744 2074 estare
1771 2017 2015 2088 algunos
2040 2019 2182 2083 maS,
2213 2033 2317 2086 por
2351 2016 2413 2074 61
2505 2067 2510 2071 ,

366 2118 586 2190 peligro
612 2135 723 2187 que
747 2135 840 2173 me
865 2115 1030 2172 dizen
1057 2133 1168 2185 que
1193 2133 1265 2185 ay
1291 2133 1364 2169 en
1391 2124 1582 2169 entrar
1600 2132 1674 2169 en
1694 2121 1816 2170 este
1837 2112 2047 2183 tiempo
2069 2130 2140 2168 en
2162 2129 2261 2168 esa
2277 2111 2401 2182 ciu—

365 2215 479 2270 dad
504 2215 576 2270 de
602 2215 800 2279 Roma,
830 2213 922 2268 del
949 2212 1079 2282 qual
1103 2229 1177 2282 yo
1202 2215 1371 2266 venia
1395 2229 1533 2281 muy
1559 2209 1926 2275 descuidadO,
1956 2206 1994 2279 y
2021 2226 2133 2262 avn
2160 2216 2324 2280 estoy
2351 2209 2407 2262 al

368 2318 631 2382 presente
656 2326 793 2379 muy
817 2302 1127 2375 incredu103
1158 2326 1278 2361 mas
1304 2325 1379 2361 no
1405 2309 1479 2369 he
1505 2305 1741 2377 querido
1767 2323 1860 2360 ser
1885 2305 2139 2376 porfiado
2166 2305 2220 2359 al
2238 2322 2411 2375 pare-⁷

369 2424 465 2462 zer
491 2407 682 2461 destos
708 2412 956 2460 seriores,
989 2406 1162 2460 Entre
1197 2412 1356 2469 tanto
1391 2422 1503 2473 que
1541 2407 1672 2473 aqui
1708 2411 1891 2473 estoy,
1934 2405 2122 2473 segun
2159 2405 2291 2471 aqui
2331 2402 2407 2456 he

369 2501 697 2569 entendido,
727 2519 832 2571 por
857 2501 912 2553 la
938 2501 1118 2571 grand
1139 2518 1310 2571 carga
1330 2501 1401 2555 de
1420 2499 1692 2571 negocios
1713 2517 1826 2569 que
1845 2500 1918 2553 V.
1944 2516 2020 2563 m.
2047 2497 2199 2554 tiene
2219 2497 2407 2570 (plega

370 2604 406 2654 a
439 2606 674 2653 nuestro
707 2598 889 2653 Sefior
925 2613 1021 2650 sea
1056 2597 1188 2650 todo
1223 2616 1294 2652 en
1328 2615 1397 2651 su
1429 2596 1712 2668 rseruicio),
1752 2604 1930 2666 tengo
1965 2594 2154 2649 miedo
2191 2594 2418 2666 grande

372 2713 485 2766 que
512 2712 587 2748 no
612 2711 675 2761 se
692 2680 938 2749 'offresca
964 2693 1093 2763 algo
1118 2711 1220 2763 por
1247 2694 1437 2748 donde
1464 2695 1538 2749 V.
1574 2712 1651 2757 m.
1691 2710 1758 2758 36,
1788 2692 2089 2746 absentase
2121 2691 2258 2751 desa
2290 2689 2409 2759 ciu-

373 2791 505 2859 dad,
533 2809 571 2861 y
596 2807 671 2861 yo
694 2806 786 2844 me
811 2789 1058 2857 quedase
1092 2807 1200 2853 con
1235 2790 1288 2845 61
1321 2791 1492 2857 (16360
1527 2807 1638 2860 que
1673 2798 1849 2860 tengo
1888 2788 1961 2844 de
1998 2805 2099 2842 ver
2137 2792 2170 2840 a
2209 2788 2281 2841 V.
2326 2804 2418 2838 m..

375 2889 490 2942 Por
516 2894 639 2942 esto
665 2884 881 2956 suplico
907 2889 940 2937 a
966 2886 1037 2939 V.
1068 2904 1142 2938 m.
1176 2903 1307 2954 que,
1338 2904 1403 2956 sy
1430 2886 1642 2957 alguna
1667 2903 1804 2939 cosa
1837 2902 1900 2940 se
1933 2882 2272 2952 ofstesciere,
2311 2900 2407 2937 sea

371 3116 484 3148 cum
505 3100 613 3146 aliis
637 3098 963 3146 archidiaconi
998 3099 1365 3145 barcinonensis
1387 3101 1591 3145 Romam
1623 3101 1772 3145 missa
1793 3099 1989 3155 dicitur,
2028 3098 2084 3143 fit
2106 3112 2225 3143 vero
2247 3096 2407 3142 simile

375 3177 633 3235 Jacobum,
669 3174 873 3233 hujusce
902 3173 1136 3232 epistolae
1166 3181 1432 3231 auctorem,
1462 3181 1546 3220 aut
1574 3173 1775 3220 fratrem
1806 3182 1890 3219 aut
1921 3173 2247 3234 propinquum
2276 3171 2409 3218 illius

373 3249 550 3296 fuisse.
594 3250 764 3295 Dimas
800 3262 918 3293 vero
954 3248 1133 3305 Ignatii
1163 3248 1521 3308 Societatisque
1551 3248 1940 3294 studiosissimus
1969 3248 2082 3306 fuit,
2120 3254 2175 3292 ut
2202 3252 2415 3292 testatur

375 3325 617 3385 Ignatius,
644 3322 842 3375 Cartas,
866 3329 907 3366 t.
936 3334 1006 3380 lv,
1030 3337 1146 3382 pag.
1174 3332 1258 3380 174
1280 3330 1330 3369 et
1351 3324 1455 3382 280;
1481 3330 1521 3368 t.
1551 3335 1604 3383 v,
1622 3338 1734 3383 pag.
1759 3323 1848 3382 304
1865 3330 1917 3369 et
1938 3322 2048 3368 306.

469 3402 481 3427 ¹
544 3400 619 3444 Ex
642 3397 942 3456 autographo
964 3397 1014 3441 in
1037 3399 1134 3442 vol.
1159 3398 1216 3453 B,
1239 3397 1423 3457 duplici
1442 3398 1578 3456 folio,
1602 3414 1650 3442 n.
1676 3409 1783 3456 217,
1807 3398 1941 3457 prius
1964 3396 2017 3442 31
2033 3433 2043 3442 .

462 3473 481 3499 ¹
528 3468 712 3532 ‘Frater
732 3470 887 3516 nostri
908 3470 1110 3528 Joannis
1134 3471 1374 3530 Alphonsi
1395 3471 1457 3516 de
1478 3472 1704 3518 Polanc0.
1724 3473 1800 3517 De
1817 3472 1904 3518 illo
1920 3470 2106 3517 mentio
2121 3471 2178 3515 fit
2194 3471 2245 3515 in
2265 3469 2428 3515 Claro*

372 3549 503 3602 nico,
526 3554 563 3593 t.
588 3557 642 3609 u,
663 3560 776 3607 pag.
802 3544 905 3604 181,
927 3560 976 3589 n.
1000 3543 1075 3601 33,
1096 3551 1264 3600 annot.
1294 3557 1335 3602 13
1356 3552 1406 3590 et
1423 3560 1535 3605 pag.
1556 3557 1660 3603 515,
1679 3562 1727 3591 n.
1748 3546 1853 3604 246,
1872 3552 2040 3592 annot.
2060 3557 2112 3591 2:
2132 3558 2281 3607 saepe
2298 3558 2423 3594 vero

373 3622 436 3667 de
459 3622 630 3667 eodem
651 3618 754 3679 agit
774 3619 825 3665 in
847 3619 948 3664 suis
970 3619 1031 3663 ad
1051 3620 1247 3665 Patrem
1269 3620 1534 3664 Polancum
1558 3621 1779 3679 epistolis
1802 3620 2002 3679 Lainez,
2025 3619 2277 3665 Florentia
2304 3619 2417 3682 mis-

370 3697 601 3765 sis‚quas
623 3708 711 3741 suo
732 3701 951 3753 tempore
974 3693 1193 3738 edemus.
1217 3694 1411 3739 Interea
1433 3708 1550 3739 vero
1570 3694 1740 3740 confer
1759 3695 1962 3753 TORRE‚
1995 3696 2125 3745 Vida
2147 3694 2228 3744 del
2248 3694 2423 3738 sierva

364 3772 431 3817 de
451 3770 593 3824 Dios,
618 3771 789 3830 Padra
811 3769 975 3838 Diego
996 3768 1199 3820 Lainez,
1225 3774 1261 3813 t.
1285 3780 1319 3825 1,
1345 3782 1455 3827 pag.
1487 3778 1586 3825 175.
1663 3830 1665 3832 η
