2658 4296
444 283 532 342 498
1125 280 1420 324 EPISTOLAE
1453 275 1809 333 Mimans-355

551 407 762 472 Siam0‚
801 405 1198 477 specialmente
1233 403 1325 458 noi
1360 401 1656 468 sacerdoti,
1697 409 1854 455 tanto
1895 402 2155 472 occupati
2189 402 2248 456 in
2281 405 2471 459 consi-—

438 503 615 574 gliare
640 521 754 557 vno
782 509 839 556 et
859 502 1020 568 altr0,
1053 509 1110 557 et
1144 500 1482 565 confessam,
1520 506 1576 551 et
1604 497 1721 551 fare
1757 498 1898 551 altre
1935 515 2104 567 opere
2130 498 2201 553 de
2228 499 2462 568 charita,

437 600 544 652 che
568 617 683 653 non
707 597 1007 652 habbiamo
1033 606 1219 666 tempo
1245 594 1302 648 di
1327 593 1634 663 mangiare.
1662 594 1743 648 Le
1770 592 2109 647 confessioni
2130 602 2188 650 et
2214 612 2463 650 commu-

436 693 609 762 nioni,
641 693 823 765 gratia
850 712 884 747 a
908 692 1038 758 Dio,
1070 708 1460 762 perseuerano,
1493 697 1550 742 et
1576 687 1712 759 ogni
1740 690 1883 743 festa
1909 689 2086 743 siamo
2112 691 2371 761 occupati
2402 692 2458 746 in

435 788 862 844 administrarle.
914 789 1183 858 Speramo
1224 788 1328 840 che
1361 784 1452 838 doi
1487 784 1829 838 adolescenti
1875 785 2126 839 habbino
2161 805 2193 840 a
2229 787 2345 842 fare
2379 789 2459 859 gli

432 884 680 954 exercitij
712 893 912 954 questa
945 882 1392 953 quadragesima,
1417 880 1435 933 i
1463 880 1615 949 quali
1647 879 1839 951 dippoi
1865 899 1980 935 non
2007 899 2070 935 so
2099 882 2294 951 quanti
2321 885 2459 939 mesi

432 982 802 1051 frequentano
835 981 890 1036 le
922 977 1260 1035 confessioni
1289 986 1345 1032 et
1379 975 1758 1030 communioni
1785 994 1893 1030 con
1929 978 2145 1047 grande
2178 978 2302 1033 loro
2328 997 2461 1050 pro-

429 1078 548 1131 fito,
593 1076 796 1147 Questi
831 1074 1015 1147 giomi
1048 1073 1256 1144 passati
1289 1072 1344 1125 vi
1379 1090 1474 1126 era
1509 1071 1565 1125 in
1602 1090 1714 1126 vno
1749 1072 2092 1128 monasterio
2127 1092 2249 1128 vna,
2273 1075 2461 1131 donna

430 1171 630 1227 vechia
656 1171 712 1226 di
735 1171 832 1242 pisi
859 1170 916 1225 di
949 1178 1173 1226 sesanta
1200 1168 1350 1235 anni,
1389 1169 1442 1221 la
1469 1168 1632 1237 quale
1665 1168 1870 1222 voleua
1897 1168 2138 1235 vscirne,
2178 1178 2236 1224 et
2263 1171 2460 1227 faceua

429 1267 778 1339 marauiglia:
820 1266 899 1321 fui
934 1266 1180 1320 conduto
1217 1284 1248 1318 a
1280 1262 1523 1334 parlarli,
1562 1272 1619 1317 et
1645 1263 2045 1318 rimonstratoli
2077 1266 2131 1319 13
2163 1283 2457 1338 vergogna

427 1382 550 1431 sua,
582 1363 751 1429 resto,
782 1370 839 1416 et
866 1363 982 1416 cosi
1009 1360 1064 1413 vi
1091 1362 1122 1414 e
1148 1362 1409 1414 anchora.
1437 1361 1564 1414 Vno
1603 1358 1870 1429 giouane,
1906 1361 2071 1429 quale
2105 1363 2179 1416 ha
2204 1380 2307 1417 sua
2333 1381 2454 1417 ma-

427 1467 511 1514 tre
547 1476 756 1529 pouera
790 1466 846 1514 et
879 1458 1097 1511 malada
1131 1455 1224 1526 gia
1259 1473 1397 1509 sono
1426 1454 1612 1509 sedeci
1647 1455 1798 1520 anni,
1831 1473 1929 1526 per
1955 1475 2067 1510 vna
2105 1456 2452 1529 impatientia

421 1556 624 1609 voleua
663 1554 795 1608 farsi
829 1555 1103 1607 monacho
1137 1560 1193 1606 et
1226 1551 1456 1605 lasciare
1491 1552 1543 1604 la
1570 1551 1623 1605 13
1666 1552 1876 1606 madre.
1917 1551 1998 1606 fui
2037 1552 2317 1609 chiamato
2350 1574 2451 1626 per

421 1648 647 1720 parlare
675 1651 709 1704 a
723 1636 832 1716 lui,
873 1658 931 1703 et
966 1648 1082 1702 cosi
1129 1647 1583 1701 rimonstrandoli
1610 1649 1716 1701 che
1747 1649 1937 1717 quello
1964 1651 2070 1703 che
2102 1650 2305 1705 voleua
2333 1652 2450 1707 fare

420 1764 516 1802 era
542 1764 673 1800 cosa
707 1745 764 1799 di
800 1744 1050 1810 consiliO,
1082 1762 1172 1798 ma
1209 1743 1422 1798 nutrire
1451 1744 1503 1797 la
1536 1745 1729 1799 madre
1762 1762 1858 1799 era
1885 1763 2017 1800 cosa
2054 1746 2111 1800 di
2145 1749 2449 1802 comanda-

417 1849 610 1896 mento
636 1842 706 1895 de
734 1841 862 1907 Dio,
893 1840 940 1894 si
968 1841 1136 1905 resto,
1176 1847 1232 1893 et
1257 1838 1611 1894 desconsiliai
1639 1839 1811 1910 quelli
1838 1842 1944 1896 che
1982 1842 2037 1896 lo
2063 1841 2388 1898 incitauano
2415 1863 2448 1899 a

419 1936 552 1991 farsi
578 1938 875 2001 monacho,
907 1935 964 1988 di
990 1954 1217 1990 manera
1242 1944 1327 1989 sta
1354 1952 1459 1988 con
1487 1936 1540 1989 13
1575 1936 1787 1991 madre.

527 2031 703 2102 Quiui
729 2031 787 2085 in
815 2031 1049 2102 Pariggi
1075 2031 1113 2083 il
1140 2050 1200 2086 re
1226 2034 1298 2085 ha
1321 2032 1458 2086 fatto
1488 2032 1606 2086 fare
1623 2050 1736 2087 vno
1757 2032 1963 2100 edicto,
1989 2036 2095 2088 che
2118 2035 2250 2088 tutti
2271 2037 2442 2105 quelli

412 2130 521 2184 che
547 2127 594 2182 si
621 2145 984 2198 spaserarano
1011 2145 1107 2197 per
1133 2124 1185 2181 le
1211 2127 1399 2183 chiese
1419 2129 1648 2197 quando
1675 2128 1723 2182 si
1758 2128 1962 2184 dicono
1987 2130 2026 2183 li
2053 2130 2231 2185 diuini
2258 2132 2441 2187 serui-—

414 2224 497 2293 tij,
523 2224 682 2277 siano
709 2223 1014 2293 impichati:
1045 2224 1115 2277 de
1143 2231 1291 2278 sorte
1325 2226 1429 2278 che
1463 2225 1494 2279 e
1528 2225 1702 2279 molto
1738 2224 1835 2295 pisi
1869 2227 2087 2297 grande
2120 2227 2438 2284 reuerentia

411 2338 485 2376 ne
503 2321 555 2374 le
576 2319 764 2375 chiese
783 2321 890 2374 che
910 2338 1020 2373 non
1042 2339 1153 2374 era.
1183 2323 1291 2373 Per
1311 2330 1509 2389 questa
1529 2339 1644 2375 non
1665 2322 1828 2388 altro,
1847 2325 2133 2378 senonche
2147 2324 2223 2377 mi
2239 2342 2404 2379 racco

406 2417 613 2471 mando
639 2415 1004 2469 humilmente
1031 2417 1136 2470 alle
1163 2416 1401 2470 orationi
1423 2416 1479 2470 di
1507 2419 1578 2472 V.
1612 2420 1679 2472 R.
1714 2427 1769 2473 et
1796 2418 1852 2472 di
1882 2419 2014 2472 tutti
2041 2419 2097 2473 di
2125 2437 2274 2474 casa.

515 2512 559 2565 Il
586 2511 782 2581 quinto
809 2511 865 2564 di
891 2513 937 2565 F
939 2513 1134 2566 ebraro
1170 2525 1325 2580 1551,
1356 2513 1412 2566 di
1441 2513 1689 2585 Pariggi.

622 2606 696 2661 Di
724 2609 794 2662 V.
829 2610 889 2661 R.
921 2607 1167 2679 indegno
1195 2609 1252 2662 in
1271 2611 1408 2681 Jesu
1439 2609 1666 2665 Christo
1694 2611 1928 2681 figliolo,

1272 2707 1492 2776 JOANNI
1535 2708 1847 2762 BATT1STA
1876 2709 2092 2764 VIOLA.

511 2799 831 2868 Inscriptio:
859 2800 934 2852 Al
955 2800 1095 2854 Rdo.
1121 2799 1179 2852 in
1208 2800 1433 2855 Christo
1462 2802 1646 2858 P-adre
1668 2805 1835 2858 Mtro.
1861 2806 1934 2858 D.
1967 2805 2189 2876 Ignatio
2215 2806 2286 2860 de
2314 2807 2429 2861 Lo-

398 2893 546 2964 yola,
577 2892 860 2964 preposito
887 2896 1148 2964 generale
1174 2896 1244 2949 de
1270 2897 1324 2950 la
1351 2880 1702 2968 Compagnia
1729 2900 1799 2953 de
1826 2900 2024 2967 Giessi,
2057 2896 2115 2954 i'n
2150 2903 2347 2956 Roma.
