2658 4296
999 354 1169 399 INDEX
1200 364 1383 400 RERUM

147 473 464 533 Requesens,
486 471 774 531 Stephania,
789 470 1003 530 hospitio
1025 472 1140 516 Bar-

218 547 393 593 cinone
415 545 600 605 excipit
621 545 987 604 PhilippumII,
1011 545 1140 603 prin-

221 619 400 680 cipem,
422 630 498 676 413
524 619 646 672 obit,
671 628 818 681 ²²53«
871 645 893 649 Α
918 640 938 645 ·’

164 694 272 739 Rex
291 692 557 740 Bohemiae
568 707 584 737 .’
603 688 736 736 ‘Vide
754 690 973 749 Austria,
990 689 1141 735 Maxi-

225 766 559 814 milianusde.
610 804 617 810 .
1110 818 1114 820 Δ

166 843 273 887 Rex
288 843 633 887 Romanorum.
644 839 772 884 Vide
790 839 1010 898 Austria,
1028 839 1144 884 Fer-

224 915 466 962 dinandus
487 915 572 960 de.

164 991 349 1037 Ribera
366 996 419 1036 et
444 991 806 1045 PortocarrerO,
836 989 962 1034 Pere
986 987 1137 1033 Affin.

224 1064 352 1110 Vide
374 1063 507 1109 Afan
526 1063 591 1108 de
610 1064 809 1108 Ribera.

165 1139 334 1197 Ribot,
357 1138 566 1197 Gaspar,
589 1138 699 1194 287.

166 1212 333 1271 Ribot,
355 1212 709 1271 Hieronymus,
732 1210 838 1268 287,
862 1208 966 1254 288.

166 1287 332 1345 Riera,
356 1287 411 1332 P.
442 1287 638 1342 Petrus,
662 1285 719 1330 S.
759 1286 838 1343 J.,
869 1283 1030 1329 Patris
1052 1284 1148 1330 Na-

227 1360 307 1406 dal
329 1360 638 1420 prudentiam
654 1359 838 1416 laudat,
852 1358 941 1416 448
952 1392 963 1403 .

169 1434 466 1491 Rikelensis,
510 1435 802 1494 Dionysius,
841 1434 1148 1491 adolescens,

229 1511 434 1555 Romam
456 1509 518 1554 ad
533 1508 799 1567 collegium
813 1507 1150 1567 germanicum

231 1584 409 1642 tendit,
431 1583 537 1640 817.

172 1658 357 1703 Rimini
396 1657 758 1717 (Ariminum)
801 1658 918 1702 urbs
960 1655 1150 1710 Italiae,

232 1731 341 1789 372.

171 1806 427 1865 Rinaldus,
457 1806 592 1864 Mag.
629 1806 684 1851 S.
724 1807 771 1864 J.
790 1840 802 1863 ,
828 1805 974 1850 docet
1003 1804 1151 1849 Peru-

238 1879 360 1939 siae,
382 1879 493 1925 832.

172 1956 379 2012 Rincon,
402 1955 638 2013 Joannes,
661 1965 765 1998 222.

172 2028 317 2085 Rion,
341 2028 607 2086 Antonius,
630 2027 682 2072 S.
714 2028 793 2086 J.,
819 2026 892 2072 rei
921 2026 1154 2071 domesti-

231 2119 319 2150 cae
356 2104 548 2162 adjutor
563 2139 575 2161 ‚
613 2102 698 2162 qui
742 2101 805 2146 de
850 2100 1155 2160 superiorum

233 2178 462 2222 mandato
479 2214 490 2236 ‚
532 2177 718 2221 Romae
760 2175 1060 2235 prandentes
1104 2174 1156 2219 in

235 2253 456 2297 mensula
476 2251 622 2296 dictis
643 2252 893 2310 carpebat,
919 2249 1023 2309 539,
1050 2259 1156 2308 571,

235 2325 342 2383 603,
379 2335 486 2383 740,
525 2325 613 2382 847
627 2361 639 2383 ,
676 2325 782 2382 870:
823 2324 905 2369 hic
941 2324 1093 2369 frater
1129 2337 1157 2367 a

236 2400 474 2445 Mendoza
490 2401 762 2459 appellatur
773 2399 942 2458 jocose
953 2400 1037 2443 «P.
1058 2399 1157 2442 An-

238 2474 402 2519 tonius
422 2473 652 2532 Rionte»,
677 2483 787 2530 574.

179 2549 404 2606 Rioseco‚
427 2550 792 2603 baccalaureus,
820 2547 1059 2606 parochus
1081 2560 1160 2591 ec-

237 2623 420 2669 clesiae
461 2622 558 2667 Sti.
610 2621 833 2680 Aegidii,
876 2620 1159 2679 burgensis,

178 2774 328 2829 Roca‚
352 2773 660 2830 Franciscus,
683 2772 897 2818 decanus
920 2770 1160 2816 ecclesiae

239 2847 545 2906 gandiensis,
568 2846 673 2892 103.
1105 2840 1111 2846 ’

181 2922 314 2966 Roca
329 2921 449 2966 etde
475 2923 523 2966 la
540 2921 711 2978 Serna,
730 2919 1041 2976 Vincentius,
1062 2919 1163 2978 epi-

241 3010 417 3055 scopus
439 3028 444 3038 .
470 2995 843 3042 albararicensis
894 2995 1164 3053 (Albarra-

242 3071 367 3128 cin),
389 3070 500 3127 376.

182 3144 460 3203 Rodriguez
492 3144 808 3202 (Rodrigues)
817 3181 827 3203 ,
847 3144 850 3147 ’
871 3144 932 3189 Ρ.
970 3143 1165 3188 Franci-

243 3220 448 3277 sciscus,
472 3219 530 3264 S.
561 3218 756 3278 J.,838,
779 3218 891 3275 8403·
910 3220 973 3263 ob
996 3233 1166 3277 corpo-

240 3295 325 3346 ris.
336 3293 586 3340 defectum
615 3295 902 3353 appellatur¹
915 3292 1168 3337 familiari-

243 3377 319 3415 ter
340 3384 368 3414 a
390 3369 613 3415 lusitanis
635 3383 833 3425 manco,
856 3368 966 3425 842.

184 3444 463 3502 Rodriguez
497 3442 829 3501 (Rodrigues),
867 3443 923 3486 P.
959 3443 1165 3488 Gonsal·

244 3534 353 3577 vus,
378 3518 435 3563 S.
465 3519 542 3576 J.,
566 3519 617 3563 in
638 3518 828 3563 Indiam
857 3517 1025 3575 solvit,
1048 3527 1158 3573 491.
1186 3523 1197 3531 “

185 3593 465 3652 Rodriguez
480 3593 811 3651 (Rodrigues),
823 3593 1040 3646 Rochus,
1058 3590 1163 3647 842.

188 3666 466 3725 Rodriguez
513 3666 829 3724 (Rodrigues)
878 3667 934 3710 P.
979 3665 1168 3720 Simon,

249 3741 302 3785 S.
315 3742 519 3799 J.,unus
541 3755 569 3786 e
588 3740 757 3800 primis
777 3739 874 3785 Sti.
900 3739 1078 3797 Ignatii
1098 3753 1173 3782 so-

249 3814 340 3860 ciis
361 3816 412 3860 in
429 3814 684 3860 condenda
695 3815 943 3860 Societate
958 3849 970 3871 ,
983 3807 1183 3857 Lusita-'

252 3890 363 3936 niae
373 3890 706 3949 provincialis,
734 3888 980 3948 15,16,19,
1000 3899 1075 3945 20,
1094 3886 1170 3944 69,

2116 370 2207 419 947

1285 481 1361 528 70;
1386 471 1436 517 in
1457 474 1712 519 Brasiliam
1734 477 1804 520 ire
1827 477 2110 537 meditatur,
2129 477 2206 535 88,

1287 557 1398 603 9o,1
1410 557 1481 604 14,
1496 547 1596 604 148;
1611 550 1729 594 mari
1747 565 1843 595 non
1854 566 1912 596 se
1925 552 2207 612 committit,

1292 620 1395 676 158,
1425 619 1531 678 377,
1563 621 1668 679 396,
1699 621 1805 680 397,
1836 635 1942 682 405,
1971 626 2078 684 406,
2101 636 2207 684 425,

1288 692 1396 752 430,
1426 693 1531 751 4313
1565 696 1711 740 trium
1743 699 1984 743 sociorum
2013 700 2211 745 nomina

1290 776 1553 827 permutat,
1582 769 1688 826 434,
1710 771 1815 827 488,
1848 772 1952 830 503,
1977 785 2081 832 509,
2106 785 2211 833 510,

1290 853 1379 898 512
1401 850 1451 888 et
1486 857 1611 902 seq.,
1635 845 1838 890 Romam
1868 846 2208 905 proficiscitur:

1291 917 1499 974 Borgiae
1521 924 1571 961 et
1594 917 1700 976 ejus
1718 919 1863 964 sociis
1882 934 2030 979 prope
2048 920 2208 966 Viter-

1292 991 1429 1036 bium
1445 990 1501 1036 fit
1517 992 1729 1037 obviam:
1742 993 1803 1037 ad
1815 994 1996 1052 Ignatii
2009 1009 2213 1054 conspe-

1290 1071 1426 1109 ctum
1454 1065 1662 1122 accedit,
1698 1077 1783 1123 515
1802 1074 1852 1111 et
1869 1081 2027 1127 seqq.;
2059 1067 2215 1113 redux

1296 1154 1361 1184 ex
1381 1140 1523 1198 urbe,
1540 1138 1792 1198 Ognatum
1807 1140 2086 1200 divertitur,
2108 1151 2216 1199 5553

1295 1228 1468 1272 sospes
1490 1213 1541 1258 in
1562 1213 1912 1271 Portugalliam
1929 1215 2074 1273 redit,
2109 1226 2215 1273 559,

1296 1298 1402 1345 570,
1423 1287 1530 1345 619,
1553 1287 1659 1343 6213
1684 1287 1800 1346 quid
1822 1288 1883 1333 de
1906 1289 2012 1347 ipso
2034 1288 2218 1335 sentiat

1296 1363 1514 1420 Joannes
1531 1361 1621 1417 III,
1639 1361 1728 1417 674
1745 1367 1795 1406 et
1812 1376 1968 1420 seqq.,
1987 1361 2094 1420 693,
2109 1371 2216 1420 707,

1298 1445 1404 1494 7093
1436 1436 1498 1480 ab
1528 1449 1677 1479 onere
1706 1436 1909 1493 regendi
1939 1436 2060 1482 alios
2089 1436 2220 1482 adle-

1297 1516 1457 1555 vatur:
1477 1522 1573 1568 quo
1590 1515 1732 1568 pacto
1749 1510 2071 1555 remotionem
2088 1509 2218 1568 tulit,

1298 1593 1388 1640 722
1397 1589 1447 1628 et
1457 1597 1593 1642 seqq.
1603 1596 1614 1638 ;
1629 1582 1962 1628 valetudinem
1972 1590 2217 1639 causatur,

1297 1671 1362 1701 ne
1384 1663 1530 1700 exeat
1547 1670 1574 1700 e
1597 1656 1915 1713 Portugallia,
1933 1667 2039 1713 7243
2061 1657 2217 1702 Stum.

1299 1731 1518 1775 Felicem
1540 1730 1683 1789 petit,
1705 1739 1811 1788 725,
1835 1740 1939 1786 7473
1965 1730 2079 1775 inde
2103 1730 2221 1775 Ara-

1298 1805 1496 1864 goniam
1513 1805 1564 1849 in
1581 1804 1834 1863 Hispania,
1855 1819 2012 1849 novae
2030 1805 2221 1864 provin-

1299 1880 1406 1925 ciae
1429 1878 1752 1923 moderandae
1769 1879 2095 1937 praepositus,
2113 1888 2220 1936 777,

1301 1954 1407 2011 778:
1433 1953 1551 2013 quid
1572 1953 1634 1998 de
1655 1955 1747 1997 hoc
1776 1953 1907 1997 facto
1928 1952 2078 2012 aliqui
2096 1953 2222 2011 judi-

1302 2028 1479 2086 carint,
1498 2028 1625 2074 ibid.
1640 2063 1651 2085 ,
1674 2036 1779 2083 779,
1797 2036 1904 2084 792,
1929 2026 2034 2084 7933
2054 2027 2224 2072 Rodri-

1301 2117 1431 2161 guez
1472 2117 1500 2147 a
1542 2102 1803 2160 Coutynha
1844 2101 2084 2160 laudatur,
2116 2111 2222 2159 794,

1302 2177 1409 2235 7963
1433 2176 1724 2235 gravissima
1760 2176 1821 2220 de
1859 2176 1942 2237 illo
1978 2175 2224 2233 dicuntur,

1303 2252 1409 2309 808,
1433 2258 1485 2297 et
1520 2266 1689 2311 seqq.,
1729 2249 1832 2306 8133
1874 2256 1982 2294 acta
2018 2252 2080 2295 ab
2118 2250 2224 2309 ipso

1305 2342 1418 2373 cum
1435 2327 1581 2371 sociis
1599 2327 1801 2385 aliquot,
1827 2326 1940 2370 ibid.
1954 2360 1965 2382 ,
1984 2323 2087 2380 8393
2109 2325 2226 2368 Ara-

1308 2402 1487 2461 goniae
1524 2401 1804 2461 provinciae
1835 2401 2049 2444 habenas
2077 2398 2229 2443 susci-

1314 2477 1405 2537 pit,
1434 2476 1658 2531 remisse,
1690 2482 1744 2520 ut
1772 2472 2228 2530 caesaraugustanis

1317 2552 1531 2610 videtur,
1550 2551 1656 2607 844,
1675 2547 1968 2606 848.—Vide
1985 2546 2232 2592 Gonzalez

1314 2626 1376 2671 de
1399 2624 1858 2671 Camara.-Miron.

1253 2700 1560 2759 Rodulphus,
1585 2700 1719 2756 Mag.
1751 2697 1802 2742 S.
1827 2698 1878 2755 J.
1893 2732 1904 2754 ,
1923 2697 2067 2742 docet
2084 2697 2230 2740 Peru-

1307 2773 1430 2831 siae,
1454 2772 1563 2817 832.

1247 2847 1511 2906 Rogerius,
1522 2845 1784 2890 Societatis
1795 2842 2082 2888 candidatus
2091 2876 2103 2898 ,
2123 2838 2225 2896 543.

1250 2921 1418 2978 Rojas,
1442 2921 1497 2964 P.
1518 2918 1804 2963 Franciscus
1822 2916 1901 2972 de,
1922 2915 1972 2959 S.
1993 2915 2059 2972 J.,
2080 2912 2227 2958 sociis

1309 2991 1765 3051 caesaraugustanis
1777 2994 1988 3048 praeest,
1999 2998 2044 3043 7;
2066 2987 2227 3031 Stum.

1311 3068 1558 3127 Ignatium
1580 3065 1800 3125 pluribus
1830 3063 1975 3107 docet
1996 3061 2057 3105 de
2081 3073 2230 3117 nego·

1311 3144 1381 3189 tio
1398 3143 1570 3187 domus
1581 3137 1959 3191 conservatoris,
1972 3134 2047 3189 32,
2060 3132 2135 3190 33,
2155 3132 2232 3189 56,

1312 3216 1389 3273 63,
1413 3227 1599 3274 94-100,
1627 3212 1728 3270 103,
1766 3221 1865 3266 1053
1892 3207 2085 3255 Gandia
2106 3206 2230 3252 Cae-

1312 3295 1650 3347 saraugustam
1668 3285 1954 3340 revertitur,
1972 3294 2072 3339 1093
2085 3280 2233 3339 Rojas

1314 3365 1520 3408 Romam
1543 3358 1830 3415 mittendus,
1867 3366 1966 3412 1143
1994 3354 2235 3414 professo-

1318 3452 1426 3482 rum
1476 3434 1631 3480 ordini
1681 3428 1930 3475 accenseri
1980 3426 2231 3483 efflagitat:

1320 3511 1438 3572 quid
1460 3511 1590 3555 dicat
1612 3515 1665 3552 ut
1688 3505 1925 3565 professio
1942 3503 1987 3547 ei
2004 3499 2236 3546 conceda-

1322 3595 1419 3643 tur,
1448 3597 1547 3641 119,
1577 3595 1675 3637 120,
1704 3580 1804 3635 136,
1840 3578 1940 3634 137;
1965 3577 2143 3634 capita,
2174 3573 2235 3618 ad

1321 3659 1628 3706 concordiam
1651 3657 1777 3700 inter
1799 3652 1973 3696 fratres
1991 3648 2235 3694 Gonzalez

1322 3731 1732 3783 constituendam,
1746 3729 1848 3772 Sto.
1861 3723 2051 3782 Ignatio
2067 3719 2231 3764 mittit:

1325 3806 1614 3855 concordiae
1676 3798 2013 3847 adversabitur
2075 3796 2233 3850 Anna,

1328 3884 1522 3928 illorum
1546 3894 1695 3932 soror,
1734 3874 1834 3931 143,
1871 3885 1970 3929 144,
2005 3881 2105 3927 157,
2134 3868 2236 3925 165,
