2618 4152
356 115 427 188 =16
1188 147 1260 182 An
1289 145 1572 182 LECTOREM

369 266 720 324 bricensibus
754 264 1013 336 exprimit
1048 263 1306 318 Brandao
1340 278 1504 331 quOS‚
1547 259 1670 313 viso
1703 257 1944 329 Ignati0,
1987 262 2256 326 expertus
2290 256 2397 311 fuit

368 395 588 443 sensuS,
620 374 1011 446 judiciumque
1037 375 1107 428 de
1134 375 1304 428 rebus
1331 368 1593 436 romaniS,
1633 369 1703 423 de
1730 366 2029 422 sanctitate
2062 366 2395 436 praeclaris-

369 487 494 542 simi
521 484 835 540 fundatoris
860 482 1435 556 profert.—Reditum
1462 498 1597 540 vero
1624 477 1869 535 Simonis
1895 477 1954 531 in
1981 477 2394 548 Portugalliam

370 615 435 650 ac
469 595 703 652 Henrici
738 593 1035 649 cardinalis
1075 592 1370 647 consilium
1406 591 1476 644 de
1516 589 1787 643 tradendo
1826 587 2099 644 Societati
2137 588 2397 645 eborensi

369 705 608 777 collegio
633 704 828 776 paucis
854 704 1075 760 nuntiat
1102 703 1390 772 Anriquez
1420 702 1509 773 (16
1528 699 1721 772 Junii).

480 815 638 871 Leite
663 790 721 871 et
747 815 1063 870 Consalvus
1093 813 1328 885 (incerto
1357 810 1622 881 tempore)
1659 809 2064 880 occupationes
2098 827 2228 864 cum
2263 829 2397 881 pro-

369 925 532 980 ximis
557 932 813 979 narrant:
845 927 948 978 hos
982 931 1294 993 sequuntur
1330 929 1592 991 excerpta
1626 939 1695 975 ex
1727 919 1929 975 litteris
1963 920 2247 975 sociorum
2282 922 2398 976 Co-

369 1005 674 1090 nimbricae
723 1042 780 1088 et
832 1032 1088 1100 Tituani,
1146 1032 1290 1102 quae
1341 1031 1395 1084 in
1451 1031 1647 1086 eodem
1701 1039 2002 1087 versantur
2055 1042 2395 1103 argumento

371 1147 433 1218 (F
435 1145 596 1217 ebr.).
629 1147 749 1201 Nec
786 1146 856 1199 ab
891 1144 978 1198 his
1011 1144 1354 1214 separandus
1386 1142 1610 1198 videtur
1645 1151 1873 1213 propter
1908 1143 2390 1213 conjunctionem,

368 1274 537 1326 quam
583 1273 711 1309 cum
756 1254 926 1309 sociis
977 1255 1240 1319 habebat,
1299 1256 1502 1308 Petrus
1553 1255 1906 1320 Domenech,
1964 1254 2395 1311 Villabeltrandi
2459 1328 2462 1332 .

368 1367 561 1420 abbas,
594 1364 704 1419 Hic
731 1364 879 1419 enim
905 1372 1099 1418 votum
1126 1363 1378 1419 emisisse
1406 1363 1705 1419 Societatis
1730 1364 2012 1421 ineundae
2046 1384 2217 1437 supra
2249 1366 2396 1421 dixi—

369 1494 514 1541 muS,
546 1476 746 1530 EPIST.
780 1477 1043 1540 ΜῙΧΤΑΕ,
1077 1483 1115 1528 t.
1150 1492 1190 1540 1,
1222 1492 1354 1544 pag.
1386 1474 1513 1541 462,
1540 1483 1731 1528 annot.
1766 1491 1812 1542 1;
1844 1476 1977 1531 «sed
1997 1477 2133 1530 dum
2153 1477 2396 1549 negotiis

368 1586 685 1652 distinetur,
717 1593 1016 1654 antequam
1046 1585 1384 1641 Societatem
1412 1593 1561 1640 esset
1586 1584 1900 1656 ingressus,
1932 1589 2004 1641 ab
2031 1590 2139 1642 hac
2158 1588 2275 1643 vita
2295 1590 2397 1644 de-

368 1696 591 1752 cessit.»
645 1699 928 1752 POLANco
964 1706 998 1750 t.
1039 1714 1079 1762 1,
1120 1714 1249 1767 pag.
1291 1710 1419 1763 447,
1463 1715 1519 1750 n.
1563 1712 1691 1768 490.
1736 1697 1918 1769 Igitur
1963 1701 2294 1755 Domenech
2339 1700 2397 1754 in

368 1805 726 1862 instituendis
773 1806 1036 1876 orphanis
1088 1808 1325 1860 multum
1378 1825 1578 1877 operae
1630 1808 1950 1879 laborisque
2002 1814 2392 1879 consumebat,

370 1916 509 1970 mira
534 1934 764 1987 prorsus
792 1917 863 1972 de
890 1934 1084 1972 eorum
1111 1918 1365 1987 profectu
1393 1903 1674 1986 narrabat,
1713 1920 1885 1990 aliqui
1919 1921 1978 1975 in
2013 1922 2305 1978 Brasiliam
2339 1932 2397 1980 et

370 2025 580 2080 Indiam
607 2025 974 2082 mittebantur
1001 2027 1109 2099 (17,
1149 2029 1210 2082 18
1239 2030 1283 2082 F
1287 2031 1429 2095 ebr.,
1469 2045 1489 2083 1
1523 2030 1748 2103 April.).

481 2138 792 2203 PostremO,
825 2137 1097 2192 Melchior
1133 2139 1400 2195 Carneiro
1434 2141 1674 2196 laetatur
1708 2144 1779 2197 de
1813 2145 2063 2199 adventu
2100 2149 2166 2201 P.
2211 2146 2396 2202 Miron

371 2246 428 2298 in
457 2246 828 2301 Lusitaniam:
861 2248 1149 2304 eborensis
1176 2251 1399 2322 collegii
1426 2251 1585 2307 initia
1611 2263 1821 2323 narrat,
1861 2257 2138 2312 Ludovici
2171 2259 2398 2314 Grana-

373 2356 547 2411 tensis
571 2356 838 2413 virtutem
867 2368 923 2414 et
951 2378 1195 2416 amorem
1224 2381 1359 2433 erga
1387 2364 1726 2421 Societatem
1754 2368 1949 2422 laudat
1977 2370 2067 2441 (Io
2093 2371 2287 2442 Nov.).

481 2471 534 2535 c)
607 2443 863 2522 Parisiis
906 2470 1005 2523 lux
1056 2472 1342 2527 affulserat
1393 2474 1689 2543 Societati,
1745 2478 2042 2551 privilegio
2094 2482 2397 2554 collegium

372 2577 702 2632 aedificandi
731 2580 934 2649 adepto
962 2581 1010 2651 (5
1041 2582 1085 2635 F
1089 2582 1251 2653 ebr.);
1284 2602 1426 2653 quae
1454 2595 1641 2643 tamen
1675 2589 1978 2645 laetissima
2012 2610 2161 2663 spes,
2194 2594 2396 2649 adver·
2424 2608 2429 2612 ·

373 2685 532 2739 sariis
559 2688 1005 2757 assurgentibus,
1038 2693 1284 2746 evanuit.

484 2796 547 2864 d)
621 2798 818 2868 Longe
858 2800 1087 2856 meliora
1126 2801 1184 2855 in
1224 2805 1391 2858 Italia
1438 2807 1864 2880 contingebant.
1915 2814 2061 2868 Nam
2107 2814 2396 2871 Ferrariae

374 2906 488 2958 dux
527 2906 783 2961 alumnos
821 2908 1117 2965 Societatis
1163 2913 1232 2966 ad
1278 2916 1578 2987 collegium
1624 2919 2006 2978 inchoandum
2052 2924 2399 2996 efflagitabat

375 3015 422 3085 (1
474 3015 653 3086 Maji):
703 3019 938 3088 Neapoli
982 3021 1158 3075 nostri
1205 3024 1367 3078 amici
1413 3046 1640 3083 manum
1687 3032 1840 3103 operi
1885 3053 1988 3105 pro
2026 3054 2132 3090 sua
2170 3035 2399 3093 civitate

377 3127 631 3195 urgendo
670 3128 1044 3184 admovebant
1090 3132 1178 3205 (19
1213 3136 1443 3207 April.):
1484 3140 1739 3197 Landino
1774 3145 2029 3202 Mutinae
2068 3147 2400 3219 oppidisque

374 3235 902 3306 circumjacentibus
943 3249 1154 3297 tantam
1194 3245 1252 3299 in
1287 3248 1639 3320 profliganda
1666 3256 1904 3323 haeresi,
1939 3258 2284 3329 extirpandis
2310 3259 2399 3314 vi·-

375 3345 486 3411 tiis,
541 3346 964 3419 inserendisque
1013 3351 1316 3411 virtutibus
1368 3360 1678 3417 collocabat
1731 3366 1966 3424 feliciter
2019 3387 2275 3440 operam,
2333 3379 2397 3424 ut

373 3455 574 3510 virium
612 3458 891 3527 jacturam
940 3462 1146 3518 faceret
1192 3468 1244 3537 <6
1289 3469 1479 3536 Febr.,
1522 3486 1549 3540 5
1588 3475 1791 3545 April.‚
1837 3493 1906 3550 29
1946 3479 2100 3549 Maji,
2140 3480 2175 3534 6
2213 3480 2389 3553 Junii,

375 3584 409 3637 9
430 3566 584 3638 Julii,
624 3583 645 3622 Ι
678 3570 876 3641 Aug.).
