<?xml version="1.0" encoding="UTF-8"?>
<!DOCTYPE html PUBLIC "-//W3C//DTD XHTML 1.0 Transitional//EN"
    "http://www.w3.org/TR/xhtml1/DTD/xhtml1-transitional.dtd">
<html xmlns="http://www.w3.org/1999/xhtml" xml:lang="en" lang="en">
 <head>
  <title>
</title>
<meta http-equiv="Content-Type" content="text/html;charset=utf-8" />
  <meta name='ocr-system' content='tesseract 3.04.00' />
  <meta name='ocr-capabilities' content='ocr_page ocr_carea ocr_par ocr_line ocrx_word'/>
</head>
<body>
  <div class='ocr_page' id='page_1' title='image "./epistolaemixtaee02matruoft_0959.png"; bbox 0 0 2658 4296; ppageno 0'>
   <div class='ocr_carea' id='block_1_1' title="bbox 1048 345 1429 394">
    <p class='ocr_par' dir='ltr' id='par_1_1' title="bbox 1048 345 1429 394">
     <span class='ocr_line' id='line_1_1' title="bbox 1048 345 1429 394; baseline 0.013 -5"><span class='ocrx_word' id='word_1_1' title='bbox 1048 345 1218 391; x_wconf 74' lang='lat' dir='ltr'><strong>INDEx</strong></span> <span class='ocrx_word' id='word_1_2' title='bbox 1248 358 1429 394; x_wconf 77' lang='lat' dir='ltr'><strong>RERUM</strong></span> 
     </span>
    </p>
   </div>
   <div class='ocr_carea' id='block_1_2' title="bbox 181 460 1189 3926">
    <p class='ocr_par' dir='ltr' id='par_1_2' title="bbox 269 460 1189 593">
     <span class='ocr_line' id='line_1_2' title="bbox 270 460 1189 563; baseline -0.001 -55"><span class='ocrx_word' id='word_1_3' title='bbox 270 463 497 521; x_wconf 90' lang='lat' dir='ltr'><strong>cersitur,</strong></span> <span class='ocrx_word' id='word_1_4' title='bbox 518 461 634 519; x_wconf 90' lang='lat'><strong>616,</strong></span> <span class='ocrx_word' id='word_1_5' title='bbox 656 460 762 515; x_wconf 84' lang='lat'><strong>628,</strong></span> <span class='ocrx_word' id='word_1_6' title='bbox 799 460 907 520; x_wconf 92' lang='grc'>630,</span> <span class='ocrx_word' id='word_1_7' title='bbox 936 462 1045 563; x_wconf 87' lang='lat'><strong>654,</strong></span> <span class='ocrx_word' id='word_1_8' title='bbox 1082 462 1189 519; x_wconf 89' lang='lat'><strong>656,</strong></span> 
     </span>
     <span class='ocr_line' id='line_1_3' title="bbox 269 534 635 593; baseline 0.003 -13"><span class='ocrx_word' id='word_1_9' title='bbox 269 536 378 593; x_wconf 87' lang='lat'><strong>852,</strong></span> <span class='ocrx_word' id='word_1_10' title='bbox 399 534 507 593; x_wconf 90' lang='lat'><strong>853,</strong></span> <span class='ocrx_word' id='word_1_11' title='bbox 529 536 635 593; x_wconf 90' lang='lat'><strong>878.</strong></span> 
     </span>
    </p>

    <p class='ocr_par' dir='ltr' id='par_1_3' title="bbox 206 607 1066 673">
     <span class='ocr_line' id='line_1_4' title="bbox 206 607 1066 673; baseline -0.004 -17"><span class='ocrx_word' id='word_1_12' title='bbox 206 611 380 668; x_wconf 89' lang='lat' dir='ltr'><strong>Torre,</strong></span> <span class='ocrx_word' id='word_1_13' title='bbox 402 609 635 673; x_wconf 86' lang='lat' dir='ltr'><strong>oppidum</strong></span> <span class='ocrx_word' id='word_1_14' title='bbox 656 609 948 670; x_wconf 82' lang='lat' dir='ltr'><strong>Hispaniae,</strong></span> <span class='ocrx_word' id='word_1_15' title='bbox 960 607 1066 654; x_wconf 81' lang='lat'><strong>316.</strong></span> 
     </span>
    </p>

    <p class='ocr_par' dir='ltr' id='par_1_4' title="bbox 205 682 990 742">
     <span class='ocr_line' id='line_1_5' title="bbox 205 682 990 742; baseline -0.003 -13"><span class='ocrx_word' id='word_1_16' title='bbox 205 683 415 742; x_wconf 87' lang='lat' dir='ltr'><strong>Torrell‚</strong></span> <span class='ocrx_word' id='word_1_17' title='bbox 431 685 556 740; x_wconf 64' lang='lat' dir='ltr'><strong>&#39;&#39;Dr.,</strong></span> <span class='ocrx_word' id='word_1_18' title='bbox 579 682 862 739; x_wconf 90' lang='lat' dir='ltr'><strong>canonicus,</strong></span> <span class='ocrx_word' id='word_1_19' title='bbox 886 694 990 741; x_wconf 88' lang='lat'><strong>209.</strong></span> 
     </span>
    </p>

    <p class='ocr_par' dir='ltr' id='par_1_5' title="bbox 206 757 1005 815">
     <span class='ocr_line' id='line_1_6' title="bbox 206 757 1005 815; baseline -0.001 -12"><span class='ocrx_word' id='word_1_20' title='bbox 206 759 405 812; x_wconf 87' lang='lat' dir='ltr'><strong>Torres,</strong></span> <span class='ocrx_word' id='word_1_21' title='bbox 429 764 600 804; x_wconf 90' lang='lat' dir='ltr'><strong>cantor</strong></span> <span class='ocrx_word' id='word_1_22' title='bbox 621 757 882 815; x_wconf 87' lang='lat' dir='ltr'><strong>lusitanus,</strong></span> <span class='ocrx_word' id='word_1_23' title='bbox 901 757 1005 815; x_wconf 90' lang='lat'><strong>508.</strong></span> 
     </span>
    </p>

    <p class='ocr_par' dir='ltr' id='par_1_6' title="bbox 204 831 1187 1266">
     <span class='ocr_line' id='line_1_7' title="bbox 204 831 1187 890; baseline 0.002 -14"><span class='ocrx_word' id='word_1_24' title='bbox 204 831 413 890; x_wconf 86' lang='lat' dir='ltr'><strong>Torres,</strong></span> <span class='ocrx_word' id='word_1_25' title='bbox 456 833 883 889; x_wconf 85' lang='lat' dir='ltr'><strong>Bartholomaeus,</strong></span> <span class='ocrx_word' id='word_1_26' title='bbox 922 832 1187 878; x_wconf 89' lang='lat' dir='ltr'><strong>canonicus</strong></span> 
     </span>
     <span class='ocr_line' id='line_1_8' title="bbox 264 904 1186 965; baseline 0 -15"><span class='ocrx_word' id='word_1_27' title='bbox 264 904 563 964; x_wconf 90' lang='lat' dir='ltr'><strong>siguntinus,</strong></span> <span class='ocrx_word' id='word_1_28' title='bbox 601 913 775 965; x_wconf 89' lang='lat' dir='ltr'><strong>postea</strong></span> <span class='ocrx_word' id='word_1_29' title='bbox 811 906 1071 965; x_wconf 89' lang='lat' dir='ltr'><strong>episcopus</strong></span> <span class='ocrx_word' id='word_1_30' title='bbox 1107 920 1186 950; x_wconf 90' lang='lat' dir='ltr'><strong>ca-</strong></span> 
     </span>
     <span class='ocr_line' id='line_1_9' title="bbox 264 977 1187 1038; baseline 0.001 -15"><span class='ocrx_word' id='word_1_31' title='bbox 264 978 504 1024; x_wconf 89' lang='lat' dir='ltr'><strong>nariensis</strong></span> <span class='ocrx_word' id='word_1_32' title='bbox 567 980 594 1038; x_wconf 89' lang='lat'><em>(</em></span> <span class='ocrx_word' id='word_1_33' title='bbox 611 978 867 1024; x_wconf 81' lang='lat' dir='ltr'><strong>Canarias</strong></span> <span class='ocrx_word' id='word_1_34' title='bbox 879 979 904 1037; x_wconf 88' lang='lat'><em>)</em></span> <span class='ocrx_word' id='word_1_35' title='bbox 926 1015 938 1038; x_wconf 94' lang='lat'><strong>,</strong></span> <span class='ocrx_word' id='word_1_36' title='bbox 1001 977 1187 1037; x_wconf 85' lang='lat' dir='ltr'><strong>Ognati</strong></span> 
     </span>
     <span class='ocr_line' id='line_1_10' title="bbox 262 1052 1187 1111; baseline 0.001 -14"><span class='ocrx_word' id='word_1_37' title='bbox 262 1059 522 1098; x_wconf 81' lang='lat' dir='ltr'><strong>exercetur</strong></span> <span class='ocrx_word' id='word_1_38' title='bbox 553 1052 734 1111; x_wconf 87' lang='lat' dir='ltr'><strong>Ignatii</strong></span> <span class='ocrx_word' id='word_1_39' title='bbox 762 1053 1187 1099; x_wconf 90' lang='lat' dir='ltr'><strong>commentationi-</strong></span> 
     </span>
     <span class='ocr_line' id='line_1_11' title="bbox 264 1127 1186 1187; baseline 0.002 -16"><span class='ocrx_word' id='word_1_40' title='bbox 264 1128 376 1184; x_wconf 92' lang='lat' dir='ltr'><strong>bus,</strong></span> <span class='ocrx_word' id='word_1_41' title='bbox 400 1127 503 1183; x_wconf 90' lang='lat'><strong>598;</strong></span> <span class='ocrx_word' id='word_1_42' title='bbox 527 1127 634 1186; x_wconf 89' lang='lat' dir='ltr'><strong>ejus</strong></span> <span class='ocrx_word' id='word_1_43' title='bbox 655 1127 718 1172; x_wconf 87' lang='lat' dir='ltr'><strong>de</strong></span> <span class='ocrx_word' id='word_1_44' title='bbox 740 1129 1014 1174; x_wconf 80' lang='lat' dir='ltr'><strong>Exercitiis</strong></span> <span class='ocrx_word' id='word_1_45' title='bbox 1033 1128 1186 1187; x_wconf 75' lang='lat' dir='ltr'><strong>spiri-</strong></span> 
     </span>
     <span class='ocr_line' id='line_1_12' title="bbox 263 1201 906 1266; baseline 0.002 -22"><span class='ocrx_word' id='word_1_46' title='bbox 263 1201 486 1246; x_wconf 85' lang='lat' dir='ltr'><strong>tualibus</strong></span> <span class='ocrx_word' id='word_1_47' title='bbox 502 1201 761 1260; x_wconf 91' lang='lat' dir='ltr'><strong>judicium,</strong></span> <span class='ocrx_word' id='word_1_48' title='bbox 785 1212 906 1266; x_wconf 33' lang='lat'><strong>599..</strong></span> 
     </span>
    </p>

    <p class='ocr_par' dir='ltr' id='par_1_7' title="bbox 201 1273 1186 2665">
     <span class='ocr_line' id='line_1_13' title="bbox 201 1273 1183 1333; baseline 0 -15"><span class='ocrx_word' id='word_1_49' title='bbox 201 1273 402 1333; x_wconf 91' lang='lat' dir='ltr'><strong>Torres,</strong></span> <span class='ocrx_word' id='word_1_50' title='bbox 424 1274 480 1319; x_wconf 90' lang='lat' dir='ltr'><strong>P.</strong></span> <span class='ocrx_word' id='word_1_51' title='bbox 504 1275 711 1319; x_wconf 91' lang='lat' dir='ltr'><strong>Michael</strong></span> <span class='ocrx_word' id='word_1_52' title='bbox 733 1275 816 1333; x_wconf 88' lang='lat' dir='ltr'><strong>de,</strong></span> <span class='ocrx_word' id='word_1_53' title='bbox 837 1274 896 1319; x_wconf 89' lang='lat' dir='ltr'><strong>S.</strong></span> <span class='ocrx_word' id='word_1_54' title='bbox 934 1276 1002 1333; x_wconf 87' lang='lat' dir='ltr'><strong>J.,</strong></span> <span class='ocrx_word' id='word_1_55' title='bbox 1030 1275 1078 1333; x_wconf 89' lang='lat'><strong>6,</strong></span> <span class='ocrx_word' id='word_1_56' title='bbox 1111 1285 1183 1333; x_wconf 92' lang='lat'><strong>11,</strong></span> 
     </span>
     <span class='ocr_line' id='line_1_14' title="bbox 269 1348 1186 1407; baseline 0.002 -3"><span class='ocrx_word' id='word_1_57' title='bbox 269 1350 340 1404; x_wconf 89' lang='lat'><strong>17,</strong></span> <span class='ocrx_word' id='word_1_58' title='bbox 364 1360 439 1404; x_wconf 81' lang='grc'><strong>20,</strong></span> <span class='ocrx_word' id='word_1_59' title='bbox 461 1361 538 1406; x_wconf 86' lang='grc'><strong>40,</strong></span> <span class='ocrx_word' id='word_1_60' title='bbox 563 1359 638 1405; x_wconf 88' lang='grc'><strong>55,</strong></span> <span class='ocrx_word' id='word_1_61' title='bbox 675 1348 775 1406; x_wconf 89' lang='lat'><strong>137,</strong></span> <span class='ocrx_word' id='word_1_62' title='bbox 811 1349 912 1407; x_wconf 88' lang='lat'><strong>178,</strong></span> <span class='ocrx_word' id='word_1_63' title='bbox 947 1359 1048 1406; x_wconf 82' lang='lat'><strong>1793</strong></span> <span class='ocrx_word' id='word_1_64' title='bbox 1082 1348 1186 1393; x_wconf 72' lang='lat' dir='ltr'><strong>Sal·</strong></span> 
     </span>
     <span class='ocr_line' id='line_1_15' title="bbox 264 1422 1185 1469; baseline 0 -1"><span class='ocrx_word' id='word_1_65' title='bbox 264 1422 476 1468; x_wconf 86' lang='lat' dir='ltr'><strong>mantica</strong></span> <span class='ocrx_word' id='word_1_66' title='bbox 511 1422 746 1468; x_wconf 90' lang='lat' dir='ltr'><strong>cardinali</strong></span> <span class='ocrx_word' id='word_1_67' title='bbox 788 1423 1027 1468; x_wconf 89' lang='lat' dir='ltr'><strong>Mendoza</strong></span> <span class='ocrx_word' id='word_1_68' title='bbox 1067 1424 1185 1469; x_wconf 90' lang='lat' dir='ltr'><strong>scri-</strong></span> 
     </span>
     <span class='ocr_line' id='line_1_16' title="bbox 263 1496 1185 1556; baseline 0.001 -15"><span class='ocrx_word' id='word_1_69' title='bbox 263 1496 352 1542; x_wconf 86' lang='lat' dir='ltr'><strong>bit:</strong></span> <span class='ocrx_word' id='word_1_70' title='bbox 392 1503 447 1542; x_wconf 90' lang='lat' dir='ltr'><strong>ut</strong></span> <span class='ocrx_word' id='word_1_71' title='bbox 482 1511 606 1556; x_wconf 91' lang='lat' dir='ltr'><strong>opus</strong></span> <span class='ocrx_word' id='word_1_72' title='bbox 642 1497 827 1556; x_wconf 88' lang='lat' dir='ltr'><strong>incepti</strong></span> <span class='ocrx_word' id='word_1_73' title='bbox 867 1497 1066 1556; x_wconf 89' lang='lat' dir='ltr'><strong>collegii</strong></span> <span class='ocrx_word' id='word_1_74' title='bbox 1106 1513 1185 1543; x_wconf 91' lang='lat' dir='ltr'><strong>ur-</strong></span> 
     </span>
     <span class='ocr_line' id='line_1_17' title="bbox 260 1570 1181 1630; baseline -0.001 -14"><span class='ocrx_word' id='word_1_75' title='bbox 260 1577 396 1629; x_wconf 89' lang='lat' dir='ltr'><strong>geat,</strong></span> <span class='ocrx_word' id='word_1_76' title='bbox 418 1571 657 1627; x_wconf 88' lang='lat' dir='ltr'><strong>hortatur,</strong></span> <span class='ocrx_word' id='word_1_77' title='bbox 693 1570 906 1630; x_wconf 93' lang='lat'><strong>181-184,</strong></span> <span class='ocrx_word' id='word_1_78' title='bbox 938 1570 1044 1630; x_wconf 90' lang='lat'><strong>230,</strong></span> <span class='ocrx_word' id='word_1_79' title='bbox 1075 1570 1181 1628; x_wconf 91' lang='lat'><strong>231,</strong></span> 
     </span>
     <span class='ocr_line' id='line_1_18' title="bbox 262 1642 1182 1703; baseline 0.001 -15"><span class='ocrx_word' id='word_1_80' title='bbox 262 1643 368 1702; x_wconf 87' lang='lat'><strong>248,</strong></span> <span class='ocrx_word' id='word_1_81' title='bbox 394 1644 499 1702; x_wconf 90' lang='lat'><strong>261,</strong></span> <span class='ocrx_word' id='word_1_82' title='bbox 522 1642 627 1702; x_wconf 92' lang='lat'><strong>317,</strong></span> <span class='ocrx_word' id='word_1_83' title='bbox 650 1643 758 1701; x_wconf 88' lang='lat'><strong>324,</strong></span> <span class='ocrx_word' id='word_1_84' title='bbox 781 1643 888 1703; x_wconf 90' lang='lat'><strong>333,</strong></span> <span class='ocrx_word' id='word_1_85' title='bbox 906 1643 1013 1702; x_wconf 89' lang='lat'><strong>374,</strong></span> <span class='ocrx_word' id='word_1_86' title='bbox 1032 1643 1182 1690; x_wconf 85' lang='lat' dir='ltr'><strong>Valli-</strong></span> 
     </span>
     <span class='ocr_line' id='line_1_19' title="bbox 259 1717 1183 1772; baseline 0.002 -10"><span class='ocrx_word' id='word_1_87' title='bbox 259 1718 471 1763; x_wconf 87' lang='lat' dir='ltr'><strong>soletum</strong></span> <span class='ocrx_word' id='word_1_88' title='bbox 503 1717 622 1772; x_wconf 89' lang='lat' dir='ltr'><strong>adit,</strong></span> <span class='ocrx_word' id='word_1_89' title='bbox 653 1719 850 1764; x_wconf 85' lang='lat' dir='ltr'><strong>Patrem</strong></span> <span class='ocrx_word' id='word_1_90' title='bbox 880 1719 1040 1764; x_wconf 85' lang='lat' dir='ltr'><strong>Araoz</strong></span> <span class='ocrx_word' id='word_1_91' title='bbox 1067 1733 1183 1764; x_wconf 89' lang='lat' dir='ltr'><strong>con-</strong></span> 
     </span>
     <span class='ocr_line' id='line_1_20' title="bbox 262 1791 1179 1852; baseline 0.001 -15"><span class='ocrx_word' id='word_1_92' title='bbox 262 1798 518 1851; x_wconf 89' lang='lat' dir='ltr'><strong>venturus,</strong></span> <span class='ocrx_word' id='word_1_93' title='bbox 554 1791 660 1850; x_wconf 71' lang='grc'><strong>391,</strong></span> <span class='ocrx_word' id='word_1_94' title='bbox 698 1807 810 1838; x_wconf 91' lang='lat' dir='ltr'><strong>cum</strong></span> <span class='ocrx_word' id='word_1_95' title='bbox 847 1793 1028 1838; x_wconf 90' lang='lat' dir='ltr'><strong>Siliceo</strong></span> <span class='ocrx_word' id='word_1_96' title='bbox 1058 1794 1179 1852; x_wconf 90' lang='lat' dir='ltr'><strong>agit,</strong></span> 
     </span>
     <span class='ocr_line' id='line_1_21' title="bbox 258 1861 1181 1923; baseline 0.003 -13"><span class='ocrx_word' id='word_1_97' title='bbox 258 1877 371 1923; x_wconf 83' lang='lat'><strong>4103</strong></span> <span class='ocrx_word' id='word_1_98' title='bbox 410 1867 552 1911; x_wconf 90' lang='lat' dir='ltr'><strong>binas</strong></span> <span class='ocrx_word' id='word_1_99' title='bbox 593 1867 832 1912; x_wconf 90' lang='lat' dir='ltr'><strong>lectiones</strong></span> <span class='ocrx_word' id='word_1_100' title='bbox 874 1861 1181 1913; x_wconf 85' lang='lat' dir='ltr'><strong>salmantinis</strong></span> 
     </span>
     <span class='ocr_line' id='line_1_22' title="bbox 253 1940 1181 2000; baseline 0.001 -15"><span class='ocrx_word' id='word_1_101' title='bbox 253 1940 492 1986; x_wconf 78' lang='lat' dir='ltr'><strong>fratribus</strong></span> <span class='ocrx_word' id='word_1_102' title='bbox 522 1941 780 2000; x_wconf 86' lang='lat' dir='ltr'><strong>praelegit:</strong></span> <span class='ocrx_word' id='word_1_103' title='bbox 811 1941 907 1986; x_wconf 88' lang='lat' dir='ltr'><strong>alia</strong></span> <span class='ocrx_word' id='word_1_104' title='bbox 928 1940 1037 2000; x_wconf 87' lang='lat' dir='ltr'><strong>ejus</strong></span> <span class='ocrx_word' id='word_1_105' title='bbox 1067 1955 1181 2000; x_wconf 89' lang='lat' dir='ltr'><strong>ope-</strong></span> 
     </span>
     <span class='ocr_line' id='line_1_23' title="bbox 258 2014 1180 2074; baseline 0.001 -14"><span class='ocrx_word' id='word_1_106' title='bbox 258 2029 328 2072; x_wconf 89' lang='lat' dir='ltr'><strong>ra,</strong></span> <span class='ocrx_word' id='word_1_107' title='bbox 351 2014 457 2073; x_wconf 90' lang='lat'><strong>413,</strong></span> <span class='ocrx_word' id='word_1_108' title='bbox 482 2027 588 2073; x_wconf 88' lang='lat'><strong>414;</strong></span> <span class='ocrx_word' id='word_1_109' title='bbox 614 2016 886 2062; x_wconf 91' lang='lat' dir='ltr'><strong>Antonium</strong></span> <span class='ocrx_word' id='word_1_110' title='bbox 909 2017 971 2062; x_wconf 89' lang='lat' dir='ltr'><strong>de</strong></span> <span class='ocrx_word' id='word_1_111' title='bbox 997 2016 1180 2074; x_wconf 65' lang='grc' dir='ltr'><strong>061ᾶο-</strong></span> 
     </span>
     <span class='ocr_line' id='line_1_24' title="bbox 257 2089 1179 2149; baseline 0.002 -15"><span class='ocrx_word' id='word_1_112' title='bbox 257 2090 322 2134; x_wconf 90' lang='lat' dir='ltr'><strong>ba</strong></span> <span class='ocrx_word' id='word_1_113' title='bbox 349 2089 588 2135; x_wconf 89' lang='lat' dir='ltr'><strong>Societati</strong></span> <span class='ocrx_word' id='word_1_114' title='bbox 618 2090 859 2149; x_wconf 89' lang='lat' dir='ltr'><strong>adjungit,</strong></span> <span class='ocrx_word' id='word_1_115' title='bbox 882 2104 989 2148; x_wconf 90' lang='lat'><strong>440;</strong></span> <span class='ocrx_word' id='word_1_116' title='bbox 1022 2091 1179 2136; x_wconf 89' lang='lat' dir='ltr'><strong>socios</strong></span> 
     </span>
     <span class='ocr_line' id='line_1_25' title="bbox 256 2162 1181 2224; baseline 0.002 -17"><span class='ocrx_word' id='word_1_117' title='bbox 256 2162 321 2207; x_wconf 86' lang='lat' dir='ltr'><strong>ad</strong></span> <span class='ocrx_word' id='word_1_118' title='bbox 341 2163 643 2208; x_wconf 83' lang='lat' dir='ltr'><strong>lustrandam</strong></span> <span class='ocrx_word' id='word_1_119' title='bbox 664 2166 964 2221; x_wconf 89' lang='lat' dir='ltr'><strong>burgensem</strong></span> <span class='ocrx_word' id='word_1_120' title='bbox 985 2164 1181 2224; x_wconf 87' lang='lat' dir='ltr'><strong>provin-</strong></span> 
     </span>
     <span class='ocr_line' id='line_1_26' title="bbox 258 2234 1178 2296; baseline 0.002 -16"><span class='ocrx_word' id='word_1_121' title='bbox 258 2234 387 2280; x_wconf 88' lang='lat' dir='ltr'><strong>ciam</strong></span> <span class='ocrx_word' id='word_1_122' title='bbox 407 2235 577 2294; x_wconf 91' lang='lat' dir='ltr'><strong>mittit,</strong></span> <span class='ocrx_word' id='word_1_123' title='bbox 609 2251 693 2282; x_wconf 92' lang='lat' dir='ltr'><strong>eos</strong></span> <span class='ocrx_word' id='word_1_124' title='bbox 730 2237 951 2296; x_wconf 86' lang='lat' dir='ltr'><strong>proxime</strong></span> <span class='ocrx_word' id='word_1_125' title='bbox 983 2244 1036 2282; x_wconf 90' lang='lat' dir='ltr'><strong>et</strong></span> <span class='ocrx_word' id='word_1_126' title='bbox 1071 2237 1178 2296; x_wconf 91' lang='lat' dir='ltr'><strong>ipse</strong></span> 
     </span>
     <span class='ocr_line' id='line_1_27' title="bbox 252 2310 1180 2370; baseline 0.003 -16"><span class='ocrx_word' id='word_1_127' title='bbox 252 2315 538 2370; x_wconf 85' lang='lat' dir='ltr'><strong>secuturus,</strong></span> <span class='ocrx_word' id='word_1_128' title='bbox 558 2310 665 2368; x_wconf 88' lang='lat'><strong>443,</strong></span> <span class='ocrx_word' id='word_1_129' title='bbox 687 2322 793 2369; x_wconf 88' lang='lat'><strong>445,</strong></span> <span class='ocrx_word' id='word_1_130' title='bbox 817 2311 925 2370; x_wconf 88' lang='lat'><strong>453,</strong></span> <span class='ocrx_word' id='word_1_131' title='bbox 947 2312 1052 2368; x_wconf 84' lang='lat'><strong>5623</strong></span> <span class='ocrx_word' id='word_1_132' title='bbox 1083 2313 1180 2357; x_wconf 90' lang='lat' dir='ltr'><strong>To-</strong></span> 
     </span>
     <span class='ocr_line' id='line_1_28' title="bbox 257 2384 1179 2444; baseline 0.002 -16"><span class='ocrx_word' id='word_1_133' title='bbox 257 2385 412 2428; x_wconf 91' lang='lat' dir='ltr'><strong>letum</strong></span> <span class='ocrx_word' id='word_1_134' title='bbox 434 2384 645 2430; x_wconf 91' lang='lat' dir='ltr'><strong>mittitur</strong></span> <span class='ocrx_word' id='word_1_135' title='bbox 665 2385 728 2430; x_wconf 91' lang='lat' dir='ltr'><strong>ad</strong></span> <span class='ocrx_word' id='word_1_136' title='bbox 748 2385 1040 2444; x_wconf 88' lang='lat' dir='ltr'><strong>placandum</strong></span> <span class='ocrx_word' id='word_1_137' title='bbox 1066 2385 1179 2431; x_wconf 91' lang='lat' dir='ltr'><strong>Sili-</strong></span> 
     </span>
     <span class='ocr_line' id='line_1_29' title="bbox 251 2458 1178 2519; baseline 0.004 -18"><span class='ocrx_word' id='word_1_138' title='bbox 251 2471 418 2516; x_wconf 88' lang='lat' dir='ltr'><strong>ceum,</strong></span> <span class='ocrx_word' id='word_1_139' title='bbox 438 2458 547 2515; x_wconf 93' lang='lat'><strong>616,</strong></span> <span class='ocrx_word' id='word_1_140' title='bbox 568 2458 675 2515; x_wconf 80' lang='lat'><strong>6173</strong></span> <span class='ocrx_word' id='word_1_141' title='bbox 699 2466 807 2504; x_wconf 91' lang='lat' dir='ltr'><strong>acta</strong></span> <span class='ocrx_word' id='word_1_142' title='bbox 823 2473 936 2504; x_wconf 89' lang='lat' dir='ltr'><strong>cum</strong></span> <span class='ocrx_word' id='word_1_143' title='bbox 952 2461 1178 2519; x_wconf 90' lang='lat' dir='ltr'><strong>praesule</strong></span> 
     </span>
     <span class='ocr_line' id='line_1_30' title="bbox 252 2531 1175 2592; baseline 0.003 -17"><span class='ocrx_word' id='word_1_144' title='bbox 252 2531 492 2589; x_wconf 88' lang='lat' dir='ltr'><strong>toletano,</strong></span> <span class='ocrx_word' id='word_1_145' title='bbox 532 2532 759 2592; x_wconf 88' lang='lat'><strong>621-625,</strong></span> <span class='ocrx_word' id='word_1_146' title='bbox 800 2532 1025 2590; x_wconf 90' lang='lat'><strong>630-632,</strong></span> <span class='ocrx_word' id='word_1_147' title='bbox 1067 2533 1175 2591; x_wconf 87' lang='lat'><strong>636,</strong></span> 
     </span>
     <span class='ocr_line' id='line_1_31' title="bbox 253 2603 1175 2665; baseline 0.004 -16"><span class='ocrx_word' id='word_1_148' title='bbox 253 2603 361 2663; x_wconf 92' lang='lat'><strong>638,</strong></span> <span class='ocrx_word' id='word_1_149' title='bbox 397 2604 512 2663; x_wconf 81' lang='lat'><strong>6393</strong></span> <span class='ocrx_word' id='word_1_150' title='bbox 551 2620 667 2665; x_wconf 89' lang='lat' dir='ltr'><strong>prae</strong></span> <span class='ocrx_word' id='word_1_151' title='bbox 696 2606 847 2652; x_wconf 91' lang='lat' dir='ltr'><strong>animi</strong></span> <span class='ocrx_word' id='word_1_152' title='bbox 877 2607 1175 2654; x_wconf 89' lang='lat' dir='ltr'><strong>demissione</strong></span> 
     </span>
    </p>

    <p class='ocr_par' dir='ltr' id='par_1_8' title="bbox 208 2679 1174 3333">
     <span class='ocr_line' id='line_1_32' title="bbox 208 2679 1173 2741; baseline 0.004 -17"><span class='ocrx_word' id='word_1_153' title='bbox 208 2703 214 2708; x_wconf 31' lang='grc' dir='ltr'><strong><em>Δ</em></strong></span> <span class='ocrx_word' id='word_1_154' title='bbox 253 2679 612 2738; x_wconf 85' lang='lat' dir='ltr'><strong>professionem</strong></span> <span class='ocrx_word' id='word_1_155' title='bbox 621 2681 805 2741; x_wconf 85' lang='lat' dir='ltr'><strong>differt,</strong></span> <span class='ocrx_word' id='word_1_156' title='bbox 822 2682 930 2740; x_wconf 89' lang='lat'><strong>657,</strong></span> <span class='ocrx_word' id='word_1_157' title='bbox 946 2682 1173 2741; x_wconf 90' lang='lat'><strong>658,660,</strong></span> 
     </span>
     <span class='ocr_line' id='line_1_33' title="bbox 242 2753 1173 2815; baseline 0.006 -18"><span class='ocrx_word' id='word_1_158' title='bbox 242 2753 355 2812; x_wconf 89' lang='lat'><strong>688,</strong></span> <span class='ocrx_word' id='word_1_159' title='bbox 394 2753 619 2812; x_wconf 82' lang='lat'><strong>693-6963</strong></span> <span class='ocrx_word' id='word_1_160' title='bbox 645 2755 1003 2815; x_wconf 86' lang='lat' dir='ltr'><strong>professionem</strong></span> <span class='ocrx_word' id='word_1_161' title='bbox 1033 2758 1173 2803; x_wconf 90' lang='lat' dir='ltr'><strong>emit·</strong></span> 
     </span>
     <span class='ocr_line' id='line_1_34' title="bbox 246 2827 1172 2890; baseline 0.004 -18"><span class='ocrx_word' id='word_1_162' title='bbox 246 2827 332 2884; x_wconf 86' lang='lat' dir='ltr'><strong>tit,</strong></span> <span class='ocrx_word' id='word_1_163' title='bbox 370 2828 422 2873; x_wconf 91' lang='lat' dir='ltr'><strong>in</strong></span> <span class='ocrx_word' id='word_1_164' title='bbox 458 2829 810 2888; x_wconf 88' lang='lat' dir='ltr'><strong>Portugalliam</strong></span> <span class='ocrx_word' id='word_1_165' title='bbox 850 2830 1027 2890; x_wconf 90' lang='lat' dir='ltr'><strong>iturus,</strong></span> <span class='ocrx_word' id='word_1_166' title='bbox 1065 2831 1172 2890; x_wconf 90' lang='lat'><strong>694;</strong></span> 
     </span>
     <span class='ocr_line' id='line_1_35' title="bbox 250 2901 1172 2964; baseline 0.005 -18"><span class='ocrx_word' id='word_1_167' title='bbox 250 2901 525 2960; x_wconf 89' lang='lat' dir='ltr'><strong>cogitatum</strong></span> <span class='ocrx_word' id='word_1_168' title='bbox 566 2904 661 2948; x_wconf 93' lang='lat' dir='ltr'><strong>iter</strong></span> <span class='ocrx_word' id='word_1_169' title='bbox 701 2904 991 2950; x_wconf 88' lang='lat' dir='ltr'><strong>dissolvitur</strong></span> <span class='ocrx_word' id='word_1_170' title='bbox 1011 2941 1023 2964; x_wconf 95' lang='lat'><strong>,</strong></span> <span class='ocrx_word' id='word_1_171' title='bbox 1065 2905 1172 2964; x_wconf 89' lang='lat'><strong>694,</strong></span> 
     </span>
     <span class='ocr_line' id='line_1_36' title="bbox 249 2978 1173 3038; baseline 0.005 -18"><span class='ocrx_word' id='word_1_172' title='bbox 249 2986 365 3032; x_wconf 91' lang='lat'><strong>705,</strong></span> <span class='ocrx_word' id='word_1_173' title='bbox 409 2986 493 3034; x_wconf 93' lang='lat'><strong>721</strong></span> <span class='ocrx_word' id='word_1_174' title='bbox 547 2984 598 3022; x_wconf 88' lang='lat' dir='ltr'><strong>et</strong></span> <span class='ocrx_word' id='word_1_175' title='bbox 646 2992 811 3038; x_wconf 91' lang='lat' dir='ltr'><strong>seqq.;</strong></span> <span class='ocrx_word' id='word_1_176' title='bbox 856 2978 918 3024; x_wconf 88' lang='lat' dir='ltr'><strong>de</strong></span> <span class='ocrx_word' id='word_1_177' title='bbox 960 2980 1173 3038; x_wconf 90' lang='lat' dir='ltr'><strong>collegio</strong></span> 
     </span>
     <span class='ocr_line' id='line_1_37' title="bbox 250 3052 1174 3111; baseline 0.004 -16"><span class='ocrx_word' id='word_1_178' title='bbox 250 3053 637 3110; x_wconf 89' lang='lat' dir='ltr'><strong>compostellano</strong></span> <span class='ocrx_word' id='word_1_179' title='bbox 665 3052 788 3111; x_wconf 89' lang='lat' dir='ltr'><strong>agit,</strong></span> <span class='ocrx_word' id='word_1_180' title='bbox 826 3052 1042 3111; x_wconf 81' lang='lat'><strong>732-734;</strong></span> <span class='ocrx_word' id='word_1_181' title='bbox 1081 3053 1174 3099; x_wconf 86' lang='lat' dir='ltr'><strong>Co-</strong></span> 
     </span>
     <span class='ocr_line' id='line_1_38' title="bbox 252 3124 1171 3187; baseline 0.005 -18"><span class='ocrx_word' id='word_1_182' title='bbox 252 3124 540 3170; x_wconf 91' lang='lat' dir='ltr'><strong>nimbricam</strong></span> <span class='ocrx_word' id='word_1_183' title='bbox 576 3133 798 3186; x_wconf 89' lang='lat' dir='ltr'><strong>vocatur,</strong></span> <span class='ocrx_word' id='word_1_184' title='bbox 835 3126 943 3187; x_wconf 91' lang='lat'><strong>734,</strong></span> <span class='ocrx_word' id='word_1_185' title='bbox 973 3138 1079 3185; x_wconf 83' lang='lat'><strong>7413</strong></span> <span class='ocrx_word' id='word_1_186' title='bbox 1114 3128 1171 3186; x_wconf 91' lang='lat' dir='ltr'><strong>it,</strong></span> 
     </span>
     <span class='ocr_line' id='line_1_39' title="bbox 251 3199 1172 3261; baseline 0.005 -18"><span class='ocrx_word' id='word_1_187' title='bbox 251 3208 358 3255; x_wconf 92' lang='lat'><strong>777,</strong></span> <span class='ocrx_word' id='word_1_188' title='bbox 379 3208 485 3257; x_wconf 92' lang='lat'><strong>779,</strong></span> <span class='ocrx_word' id='word_1_189' title='bbox 513 3199 622 3259; x_wconf 88' lang='lat'><strong>782,</strong></span> <span class='ocrx_word' id='word_1_190' title='bbox 650 3211 755 3258; x_wconf 85' lang='lat'><strong>792;</strong></span> <span class='ocrx_word' id='word_1_191' title='bbox 787 3201 1172 3261; x_wconf 77' lang='lat' dir='ltr'><strong>compostellam</strong></span> 
     </span>
     <span class='ocr_line' id='line_1_40' title="bbox 252 3270 1167 3333; baseline 0.005 -18"><span class='ocrx_word' id='word_1_192' title='bbox 252 3270 398 3329; x_wconf 89' lang='lat' dir='ltr'><strong>redit,</strong></span> <span class='ocrx_word' id='word_1_193' title='bbox 420 3271 527 3331; x_wconf 91' lang='lat'><strong>806,</strong></span> <span class='ocrx_word' id='word_1_194' title='bbox 549 3272 657 3332; x_wconf 86' lang='lat'><strong>834,</strong></span> <span class='ocrx_word' id='word_1_195' title='bbox 679 3273 785 3333; x_wconf 89' lang='lat'><strong>839,</strong></span> <span class='ocrx_word' id='word_1_196' title='bbox 809 3274 915 3332; x_wconf 92' lang='lat'><strong>841,</strong></span> <span class='ocrx_word' id='word_1_197' title='bbox 939 3274 1044 3332; x_wconf 90' lang='lat'><strong>842,</strong></span> <span class='ocrx_word' id='word_1_198' title='bbox 1063 3275 1167 3333; x_wconf 89' lang='lat'><strong>848.</strong></span> 
     </span>
    </p>

    <p class='ocr_par' dir='ltr' id='par_1_9' title="bbox 186 3344 1171 3776">
     <span class='ocr_line' id='line_1_41' title="bbox 186 3344 1171 3408; baseline 0.005 -19"><span class='ocrx_word' id='word_1_199' title='bbox 186 3344 426 3404; x_wconf 84' lang='lat' dir='ltr'><strong>Torrijos,</strong></span> <span class='ocrx_word' id='word_1_200' title='bbox 456 3347 689 3405; x_wconf 91' lang='lat' dir='ltr'><strong>oppidum</strong></span> <span class='ocrx_word' id='word_1_201' title='bbox 718 3348 770 3393; x_wconf 92' lang='lat' dir='ltr'><strong>in</strong></span> <span class='ocrx_word' id='word_1_202' title='bbox 797 3348 1054 3408; x_wconf 87' lang='lat' dir='ltr'><strong>Hispania,</strong></span> <span class='ocrx_word' id='word_1_203' title='bbox 1085 3350 1171 3394; x_wconf 91' lang='lat' dir='ltr'><strong>ubi</strong></span> 
     </span>
     <span class='ocr_line' id='line_1_42' title="bbox 249 3420 1166 3482; baseline 0.003 -18"><span class='ocrx_word' id='word_1_204' title='bbox 249 3420 482 3478; x_wconf 86' lang='lat' dir='ltr'><strong>palatium</strong></span> <span class='ocrx_word' id='word_1_205' title='bbox 497 3420 815 3480; x_wconf 90' lang='lat' dir='ltr'><strong>dynastarum</strong></span> <span class='ocrx_word' id='word_1_206' title='bbox 830 3422 893 3467; x_wconf 91' lang='lat' dir='ltr'><strong>de</strong></span> <span class='ocrx_word' id='word_1_207' title='bbox 911 3422 1166 3482; x_wconf 91' lang='lat' dir='ltr'><strong>Maqueda,</strong></span> 
     </span>
     <span class='ocr_line' id='line_1_43' title="bbox 248 3494 1165 3555; baseline 0.001 -17"><span class='ocrx_word' id='word_1_208' title='bbox 248 3494 357 3552; x_wconf 91' lang='lat'><strong>649,</strong></span> <span class='ocrx_word' id='word_1_209' title='bbox 373 3494 481 3553; x_wconf 89' lang='lat'><strong>656,</strong></span> <span class='ocrx_word' id='word_1_210' title='bbox 497 3494 603 3553; x_wconf 84' lang='lat'><strong>6593</strong></span> <span class='ocrx_word' id='word_1_211' title='bbox 621 3497 885 3554; x_wconf 85' lang='lat' dir='ltr'><strong>collegium</strong></span> <span class='ocrx_word' id='word_1_212' title='bbox 902 3497 1165 3555; x_wconf 85' lang='lat' dir='ltr'><strong>expetitur:</strong></span> 
     </span>
     <span class='ocr_line' id='line_1_44' title="bbox 250 3567 1169 3629; baseline 0.002 -17"><span class='ocrx_word' id='word_1_213' title='bbox 250 3567 454 3613; x_wconf 88' lang='lat' dir='ltr'><strong>moritur</strong></span> <span class='ocrx_word' id='word_1_214' title='bbox 474 3568 544 3614; x_wconf 92' lang='lat' dir='ltr'><strong>ibi</strong></span> <span class='ocrx_word' id='word_1_215' title='bbox 564 3569 894 3629; x_wconf 86' lang='lat' dir='ltr'><strong>Bernardinus</strong></span> <span class='ocrx_word' id='word_1_216' title='bbox 911 3570 974 3614; x_wconf 90' lang='lat' dir='ltr'><strong>de</strong></span> <span class='ocrx_word' id='word_1_217' title='bbox 991 3570 1169 3617; x_wconf 74' lang='lat' dir='ltr'><strong>Carde-</strong></span> 
     </span>
     <span class='ocr_line' id='line_1_45' title="bbox 247 3642 1166 3701; baseline 0.004 -17"><span class='ocrx_word' id='word_1_218' title='bbox 247 3654 336 3685; x_wconf 91' lang='lat' dir='ltr'><strong>nas</strong></span> <span class='ocrx_word' id='word_1_219' title='bbox 357 3647 408 3685; x_wconf 90' lang='lat' dir='ltr'><strong>et</strong></span> <span class='ocrx_word' id='word_1_220' title='bbox 429 3642 658 3701; x_wconf 89' lang='lat' dir='ltr'><strong>Velasc0,</strong></span> <span class='ocrx_word' id='word_1_221' title='bbox 681 3643 895 3689; x_wconf 89' lang='lat' dir='ltr'><strong>marchio</strong></span> <span class='ocrx_word' id='word_1_222' title='bbox 916 3643 979 3688; x_wconf 88' lang='lat' dir='ltr'><strong>de</strong></span> <span class='ocrx_word' id='word_1_223' title='bbox 995 3645 1166 3701; x_wconf 88' lang='lat' dir='ltr'><strong>Elche,</strong></span> 
     </span>
     <span class='ocr_line' id='line_1_46' title="bbox 247 3713 536 3776; baseline 0.014 -18"><span class='ocrx_word' id='word_1_224' title='bbox 247 3713 337 3759; x_wconf 91' lang='lat'><strong>863</strong></span> <span class='ocrx_word' id='word_1_225' title='bbox 357 3722 409 3761; x_wconf 90' lang='lat' dir='ltr'><strong>et</strong></span> <span class='ocrx_word' id='word_1_226' title='bbox 430 3730 536 3776; x_wconf 88' lang='lat' dir='ltr'><strong>seq.</strong></span> 
     </span>
    </p>

    <p class='ocr_par' dir='ltr' id='par_1_10' title="bbox 181 3789 1166 3926">
     <span class='ocr_line' id='line_1_47' title="bbox 181 3789 1165 3852; baseline 0.008 -21"><span class='ocrx_word' id='word_1_227' title='bbox 181 3789 396 3834; x_wconf 89' lang='lat' dir='ltr'><strong>Tortosa</strong></span> <span class='ocrx_word' id='word_1_228' title='bbox 416 3791 706 3850; x_wconf 84' lang='lat' dir='ltr'><strong>(Dertusa),</strong></span> <span class='ocrx_word' id='word_1_229' title='bbox 734 3795 850 3838; x_wconf 89' lang='lat' dir='ltr'><strong>urbs</strong></span> <span class='ocrx_word' id='word_1_230' title='bbox 880 3794 1165 3852; x_wconf 89' lang='lat' dir='ltr'><strong>Hispaniae,</strong></span> 
     </span>
     <span class='ocr_line' id='line_1_48' title="bbox 253 3866 1166 3926; baseline 0.003 -19"><span class='ocrx_word' id='word_1_231' title='bbox 253 3873 325 3921; x_wconf 89' lang='lat'><strong>10,</strong></span> <span class='ocrx_word' id='word_1_232' title='bbox 366 3866 524 3923; x_wconf 88' lang='lat' dir='ltr'><strong>patria</strong></span> <span class='ocrx_word' id='word_1_233' title='bbox 565 3867 814 3912; x_wconf 88' lang='lat' dir='ltr'><strong>Francisci</strong></span> <span class='ocrx_word' id='word_1_234' title='bbox 850 3867 912 3911; x_wconf 89' lang='lat' dir='ltr'><strong>de</strong></span> <span class='ocrx_word' id='word_1_235' title='bbox 952 3868 1166 3926; x_wconf 89' lang='lat' dir='ltr'><strong>Saboya,</strong></span> 
     </span>
    </p>
   </div>
   <div class='ocr_carea' id='block_1_3' title="bbox 2166 358 2255 416">
    <p class='ocr_par' dir='ltr' id='par_1_11' title="bbox 2166 358 2255 416">
     <span class='ocr_line' id='line_1_49' title="bbox 2166 358 2255 416; baseline -0.011 0"><span class='ocrx_word' id='word_1_236' title='bbox 2166 358 2255 416; x_wconf 85' lang='lat'><strong>953</strong></span> 
     </span>
    </p>
   </div>
   <div class='ocr_carea' id='block_1_4' title="bbox 1273 465 2254 1267">
    <p class='ocr_par' dir='ltr' id='par_1_12' title="bbox 1273 465 2254 1265">
     <span class='ocr_line' id='line_1_50' title="bbox 1335 465 2254 530; baseline 0.014 -20"><span class='ocrx_word' id='word_1_237' title='bbox 1335 465 1387 510; x_wconf 94' lang='lat' dir='ltr'><strong>S.</strong></span> <span class='ocrx_word' id='word_1_238' title='bbox 1408 467 1458 524; x_wconf 89' lang='lat' dir='ltr'><strong>J.</strong></span> <span class='ocrx_word' id='word_1_239' title='bbox 1475 503 1486 525; x_wconf 92' lang='lat'><strong>,</strong></span> <span class='ocrx_word' id='word_1_240' title='bbox 1508 478 1613 526; x_wconf 80' lang='lat'><strong>4513</strong></span> <span class='ocrx_word' id='word_1_241' title='bbox 1632 470 1716 530; x_wconf 91' lang='lat' dir='ltr'><strong>qui</strong></span> <span class='ocrx_word' id='word_1_242' title='bbox 1734 470 1803 517; x_wconf 92' lang='lat' dir='ltr'><strong>ibi</strong></span> <span class='ocrx_word' id='word_1_243' title='bbox 1821 473 2131 521; x_wconf 90' lang='lat' dir='ltr'><strong>sanctissime</strong></span> <span class='ocrx_word' id='word_1_244' title='bbox 2154 490 2254 522; x_wconf 87' lang='lat' dir='ltr'><strong>mo-</strong></span> 
     </span>
     <span class='ocr_line' id='line_1_51' title="bbox 1333 539 2251 606; baseline 0.015 -23"><span class='ocrx_word' id='word_1_245' title='bbox 1333 539 1473 596; x_wconf 90' lang='lat' dir='ltr'><strong>ritur,</strong></span> <span class='ocrx_word' id='word_1_246' title='bbox 1484 546 1920 606; x_wconf 87' lang='lat' dir='ltr'><strong>5zo.—Episcopus</strong></span> <span class='ocrx_word' id='word_1_247' title='bbox 1929 547 2251 603; x_wconf 84' lang='lat' dir='ltr'><strong>dertusensis.</strong></span> 
     </span>
     <span class='ocr_line' id='line_1_52' title="bbox 1335 611 2160 681; baseline 0.017 -26"><span class='ocrx_word' id='word_1_248' title='bbox 1335 611 1461 658; x_wconf 87' lang='lat' dir='ltr'><strong>Vide</strong></span> <span class='ocrx_word' id='word_1_249' title='bbox 1483 615 1790 675; x_wconf 86' lang='lat' dir='ltr'><strong>Requesens,</strong></span> <span class='ocrx_word' id='word_1_250' title='bbox 1811 618 2160 681; x_wconf 80' lang='lat' dir='ltr'><strong>Hieronymus.</strong></span> 
     </span>
     <span class='ocr_line' id='line_1_53' title="bbox 1275 684 2251 747; baseline 0.015 -20"><span class='ocrx_word' id='word_1_251' title='bbox 1275 684 1459 744; x_wconf 90' lang='lat' dir='ltr'><strong>Trani(</strong></span> <span class='ocrx_word' id='word_1_252' title='bbox 1467 687 1734 747; x_wconf 82' lang='lat' dir='ltr'><strong>Tranum),</strong></span> <span class='ocrx_word' id='word_1_253' title='bbox 1749 694 1864 737; x_wconf 92' lang='lat' dir='ltr'><strong>urbs</strong></span> <span class='ocrx_word' id='word_1_254' title='bbox 1882 694 2068 740; x_wconf 87' lang='lat' dir='ltr'><strong>Italiae.</strong></span> <span class='ocrx_word' id='word_1_255' title='bbox 2082 696 2251 742; x_wconf 89' lang='lat' dir='ltr'><strong>—Car-</strong></span> 
     </span>
     <span class='ocr_line' id='line_1_54' title="bbox 1334 759 2153 828; baseline 0.015 -25"><span class='ocrx_word' id='word_1_256' title='bbox 1334 759 1510 805; x_wconf 91' lang='lat' dir='ltr'><strong>dinalis</strong></span> <span class='ocrx_word' id='word_1_257' title='bbox 1534 765 1799 810; x_wconf 87' lang='lat' dir='ltr'><strong>tranensis.</strong></span> <span class='ocrx_word' id='word_1_258' title='bbox 1830 767 1956 812; x_wconf 89' lang='lat' dir='ltr'><strong>Vide</strong></span> <span class='ocrx_word' id='word_1_259' title='bbox 1980 768 2153 828; x_wconf 87' lang='lat' dir='ltr'><strong>Cupis.</strong></span> 
     </span>
     <span class='ocr_line' id='line_1_55' title="bbox 1273 832 2247 900; baseline 0.014 -25"><span class='ocrx_word' id='word_1_260' title='bbox 1273 832 1486 892; x_wconf 89' lang='lat' dir='ltr'><strong>Trapani</strong></span> <span class='ocrx_word' id='word_1_261' title='bbox 1508 835 1876 896; x_wconf 80' lang='lat' dir='ltr'><strong>(Drepanum),</strong></span> <span class='ocrx_word' id='word_1_262' title='bbox 1896 840 1946 884; x_wconf 92' lang='lat' dir='ltr'><strong>in</strong></span> <span class='ocrx_word' id='word_1_263' title='bbox 1971 840 2153 896; x_wconf 88' lang='lat' dir='ltr'><strong>Sicilia,</strong></span> <span class='ocrx_word' id='word_1_264' title='bbox 2170 852 2247 900; x_wconf 91' lang='lat'><strong>74,</strong></span> 
     </span>
     <span class='ocr_line' id='line_1_56' title="bbox 1274 979 2253 1043; baseline 0.012 -20"><span class='ocrx_word' id='word_1_265' title='bbox 1274 979 1460 1025; x_wconf 88' lang='lat' dir='ltr'><strong>Trento</strong></span> <span class='ocrx_word' id='word_1_266' title='bbox 1481 981 1856 1043; x_wconf 81' lang='lat' dir='ltr'><strong>(Tridentum),</strong></span> <span class='ocrx_word' id='word_1_267' title='bbox 1882 988 1998 1032; x_wconf 91' lang='lat' dir='ltr'><strong>urbs</strong></span> <span class='ocrx_word' id='word_1_268' title='bbox 2021 995 2072 1033; x_wconf 90' lang='lat' dir='ltr'><strong>et</strong></span> <span class='ocrx_word' id='word_1_269' title='bbox 2091 989 2253 1034; x_wconf 91' lang='lat' dir='ltr'><strong>conci-</strong></span> 
     </span>
     <span class='ocr_line' id='line_1_57' title="bbox 1334 1053 2248 1122; baseline 0.01 -23"><span class='ocrx_word' id='word_1_270' title='bbox 1334 1053 1454 1099; x_wconf 91' lang='lat' dir='ltr'><strong>lium</strong></span> <span class='ocrx_word' id='word_1_271' title='bbox 1482 1057 1870 1113; x_wconf 88' lang='lat' dir='ltr'><strong>oecumenicum,</strong></span> <span class='ocrx_word' id='word_1_272' title='bbox 1899 1070 1970 1117; x_wconf 91' lang='lat'><strong>17,</strong></span> <span class='ocrx_word' id='word_1_273' title='bbox 2007 1062 2107 1118; x_wconf 88' lang='lat'><strong>158,</strong></span> <span class='ocrx_word' id='word_1_274' title='bbox 2142 1063 2248 1122; x_wconf 90' lang='lat'><strong>553,</strong></span> 
     </span>
     <span class='ocr_line' id='line_1_58' title="bbox 1335 1127 1699 1187; baseline 0.014 -17"><span class='ocrx_word' id='word_1_275' title='bbox 1335 1127 1440 1185; x_wconf 88' lang='lat'><strong>560,</strong></span> <span class='ocrx_word' id='word_1_276' title='bbox 1463 1128 1571 1187; x_wconf 88' lang='lat'><strong>706,</strong></span> <span class='ocrx_word' id='word_1_277' title='bbox 1594 1130 1699 1186; x_wconf 93' lang='lat'><strong>718.</strong></span> 
     </span>
     <span class='ocr_line' id='line_1_59' title="bbox 1274 1201 2253 1267; baseline 0.01 -23"><span class='ocrx_word' id='word_1_278' title='bbox 1274 1201 1547 1247; x_wconf 91' lang='lat' dir='ltr'><strong>Truchsess</strong></span> <span class='ocrx_word' id='word_1_279' title='bbox 1565 1218 1662 1248; x_wconf 89' lang='lat' dir='ltr'><strong>von</strong></span> <span class='ocrx_word' id='word_1_280' title='bbox 1679 1205 1969 1265; x_wconf 88' lang='lat' dir='ltr'><strong>Waldburg,</strong></span> <span class='ocrx_word' id='word_1_281' title='bbox 1988 1207 2128 1267; x_wconf 87' lang='lat' dir='ltr'><strong>Otto,</strong></span> <span class='ocrx_word' id='word_1_282' title='bbox 2150 1224 2253 1254; x_wconf 89' lang='lat' dir='ltr'><strong>car-</strong></span> 
     </span>
    </p>
   </div>
   <div class='ocr_carea' id='block_1_5' title="bbox 1333 1274 2251 1394">
    <p class='ocr_par' dir='ltr' id='par_1_13' title="bbox 1333 1274 2251 1394">
     <span class='ocr_line' id='line_1_60' title="bbox 1333 1274 2251 1342; baseline 0.01 -24"><span class='ocrx_word' id='word_1_283' title='bbox 1333 1274 1510 1320; x_wconf 90' lang='lat' dir='ltr'><strong>dinalis</strong></span> <span class='ocrx_word' id='word_1_284' title='bbox 1552 1285 1854 1335; x_wconf 88' lang='lat' dir='ltr'><strong>augustanus</strong></span> <span class='ocrx_word' id='word_1_285' title='bbox 1892 1281 2251 1342; x_wconf 84' lang='lat' dir='ltr'><strong>(Augsburg),</strong></span> 
     </span>
     <span class='ocr_line' id='line_1_61' title="bbox 1334 1349 1440 1394; baseline 0.009 -1"><span class='ocrx_word' id='word_1_286' title='bbox 1334 1349 1440 1394; x_wconf 91' lang='grc'><strong>800.</strong></span> 
     </span>
    </p>
   </div>
   <div class='ocr_carea' id='block_1_6' title="bbox 1273 1423 2253 1706">
    <p class='ocr_par' dir='ltr' id='par_1_14' title="bbox 1273 1423 2253 1632">
     <span class='ocr_line' id='line_1_62' title="bbox 1273 1423 2253 1486; baseline 0.008 -20"><span class='ocrx_word' id='word_1_287' title='bbox 1273 1423 1625 1481; x_wconf 88' lang='lat' dir='ltr'><strong>Trudonensis,</strong></span> <span class='ocrx_word' id='word_1_288' title='bbox 1650 1426 1716 1470; x_wconf 92' lang='lat' dir='ltr'><strong>M.</strong></span> <span class='ocrx_word' id='word_1_289' title='bbox 1748 1427 2060 1486; x_wconf 91' lang='lat' dir='ltr'><strong>Ghisbertus,</strong></span> <span class='ocrx_word' id='word_1_290' title='bbox 2092 1429 2253 1475; x_wconf 89' lang='lat' dir='ltr'><strong>adole-</strong></span> 
     </span>
     <span class='ocr_line' id='line_1_63' title="bbox 1332 1499 2251 1561; baseline 0.007 -19"><span class='ocrx_word' id='word_1_291' title='bbox 1332 1512 1494 1553; x_wconf 90' lang='lat' dir='ltr'><strong>scens,</strong></span> <span class='ocrx_word' id='word_1_292' title='bbox 1512 1499 1717 1543; x_wconf 89' lang='lat' dir='ltr'><strong>Romam</strong></span> <span class='ocrx_word' id='word_1_293' title='bbox 1734 1501 1859 1559; x_wconf 90' lang='lat' dir='ltr'><strong>petit</strong></span> <span class='ocrx_word' id='word_1_294' title='bbox 1871 1503 2130 1560; x_wconf 89' lang='lat' dir='ltr'><strong>collegium</strong></span> <span class='ocrx_word' id='word_1_295' title='bbox 2142 1517 2251 1561; x_wconf 86' lang='lat' dir='ltr'><strong>ger·</strong></span> 
     </span>
     <span class='ocr_line' id='line_1_64' title="bbox 1332 1571 2055 1632; baseline 0.006 -17"><span class='ocrx_word' id='word_1_296' title='bbox 1332 1571 1576 1617; x_wconf 90' lang='lat' dir='ltr'><strong>manicum</strong></span> <span class='ocrx_word' id='word_1_297' title='bbox 1599 1573 1926 1631; x_wconf 88' lang='lat' dir='ltr'><strong>ingressurus,</strong></span> <span class='ocrx_word' id='word_1_298' title='bbox 1950 1575 2055 1632; x_wconf 69' lang='lat'><strong>817.</strong></span> 
     </span>
    </p>

    <p class='ocr_par' dir='ltr' id='par_1_15' title="bbox 1273 1645 2159 1706">
     <span class='ocr_line' id='line_1_65' title="bbox 1273 1645 2159 1706; baseline 0.006 -17"><span class='ocrx_word' id='word_1_299' title='bbox 1273 1645 1481 1702; x_wconf 90' lang='lat' dir='ltr'><strong>Tudela,</strong></span> <span class='ocrx_word' id='word_1_300' title='bbox 1506 1648 1623 1691; x_wconf 92' lang='lat' dir='ltr'><strong>urbs</strong></span> <span class='ocrx_word' id='word_1_301' title='bbox 1646 1647 1912 1704; x_wconf 89' lang='lat' dir='ltr'><strong>Navarrae,</strong></span> <span class='ocrx_word' id='word_1_302' title='bbox 1933 1648 2036 1705; x_wconf 88' lang='lat'><strong>538,</strong></span> <span class='ocrx_word' id='word_1_303' title='bbox 2056 1659 2159 1706; x_wconf 87' lang='lat'><strong>595.</strong></span> 
     </span>
    </p>
   </div>
   <div class='ocr_carea' id='block_1_7' title="bbox 1732 1759 1791 1808">
    <p class='ocr_par' dir='ltr' id='par_1_16' title="bbox 1732 1759 1791 1808">
     <span class='ocr_line' id='line_1_66' title="bbox 1732 1759 1791 1808; baseline 0 0"><span class='ocrx_word' id='word_1_304' title='bbox 1732 1759 1791 1808; x_wconf 76' lang='lat' dir='ltr'><strong>{J</strong></span> 
     </span>
    </p>
   </div>
   <div class='ocr_carea' id='block_1_8' title="bbox 1263 1868 2251 3403">
    <p class='ocr_par' dir='ltr' id='par_1_17' title="bbox 1272 1868 2249 2148">
     <span class='ocr_line' id='line_1_67' title="bbox 1272 1868 2248 1928; baseline 0.001 -15"><span class='ocrx_word' id='word_1_305' title='bbox 1272 1868 1442 1926; x_wconf 79' lang='lat' dir='ltr'><strong>Ucles,</strong></span> <span class='ocrx_word' id='word_1_306' title='bbox 1471 1875 1685 1912; x_wconf 88' lang='lat' dir='ltr'><strong>castrum</strong></span> <span class='ocrx_word' id='word_1_307' title='bbox 1716 1869 1918 1914; x_wconf 90' lang='lat' dir='ltr'><strong>militiae</strong></span> <span class='ocrx_word' id='word_1_308' title='bbox 1950 1870 2041 1914; x_wconf 88' lang='lat' dir='ltr'><strong>Sti.</strong></span> <span class='ocrx_word' id='word_1_309' title='bbox 2075 1870 2248 1928; x_wconf 87' lang='lat' dir='ltr'><strong>Jacobi</strong></span> 
     </span>
     <span class='ocr_line' id='line_1_68' title="bbox 1331 1939 2247 2002; baseline 0.003 -18"><span class='ocrx_word' id='word_1_310' title='bbox 1331 1939 1382 1985; x_wconf 90' lang='lat' dir='ltr'><strong>in</strong></span> <span class='ocrx_word' id='word_1_311' title='bbox 1403 1939 1659 2000; x_wconf 88' lang='lat' dir='ltr'><strong>Hispania,</strong></span> <span class='ocrx_word' id='word_1_312' title='bbox 1682 1941 1786 1998; x_wconf 83' lang='lat'><strong>3253</strong></span> <span class='ocrx_word' id='word_1_313' title='bbox 1807 1942 1950 2000; x_wconf 91' lang='lat' dir='ltr'><strong>hujus</strong></span> <span class='ocrx_word' id='word_1_314' title='bbox 1969 1943 2160 2002; x_wconf 90' lang='lat' dir='ltr'><strong>equites</strong></span> <span class='ocrx_word' id='word_1_315' title='bbox 2177 1943 2247 1987; x_wconf 89' lang='lat' dir='ltr'><strong>in-</strong></span> 
     </span>
     <span class='ocr_line' id='line_1_69' title="bbox 1330 2015 2249 2075; baseline 0.002 -16"><span class='ocrx_word' id='word_1_316' title='bbox 1330 2015 1490 2073; x_wconf 90' lang='lat' dir='ltr'><strong>signia</strong></span> <span class='ocrx_word' id='word_1_317' title='bbox 1506 2015 1786 2061; x_wconf 87' lang='lat' dir='ltr'><strong>doctoratus</strong></span> <span class='ocrx_word' id='word_1_318' title='bbox 1803 2016 1853 2061; x_wconf 91' lang='lat' dir='ltr'><strong>in</strong></span> <span class='ocrx_word' id='word_1_319' title='bbox 1870 2017 2118 2061; x_wconf 89' lang='lat' dir='ltr'><strong>academia</strong></span> <span class='ocrx_word' id='word_1_320' title='bbox 2131 2031 2249 2075; x_wconf 87' lang='lat' dir='ltr'><strong>gan·</strong></span> 
     </span>
     <span class='ocr_line' id='line_1_70' title="bbox 1330 2087 2128 2148; baseline 0.003 -16"><span class='ocrx_word' id='word_1_321' title='bbox 1330 2087 1491 2134; x_wconf 90' lang='lat' dir='ltr'><strong>diensi</strong></span> <span class='ocrx_word' id='word_1_322' title='bbox 1513 2089 1717 2148; x_wconf 89' lang='lat' dir='ltr'><strong>adipisci</strong></span> <span class='ocrx_word' id='word_1_323' title='bbox 1738 2092 2005 2148; x_wconf 89' lang='lat' dir='ltr'><strong>postulant,</strong></span> <span class='ocrx_word' id='word_1_324' title='bbox 2024 2089 2128 2146; x_wconf 88' lang='lat'><strong>325.</strong></span> 
     </span>
    </p>

    <p class='ocr_par' dir='ltr' id='par_1_18' title="bbox 1272 2161 2251 2369">
     <span class='ocr_line' id='line_1_71' title="bbox 1272 2161 2251 2221; baseline 0 -15"><span class='ocrx_word' id='word_1_325' title='bbox 1272 2161 1515 2219; x_wconf 88' lang='lat' dir='ltr'><strong>Ugoletti,</strong></span> <span class='ocrx_word' id='word_1_326' title='bbox 1539 2163 1599 2206; x_wconf 92' lang='lat' dir='ltr'><strong>P.</strong></span> <span class='ocrx_word' id='word_1_327' title='bbox 1628 2162 1867 2221; x_wconf 91' lang='lat' dir='ltr'><strong>Elpidius,</strong></span> <span class='ocrx_word' id='word_1_328' title='bbox 1893 2163 1940 2208; x_wconf 87' lang='lat' dir='ltr'><strong>S.</strong></span> <span class='ocrx_word' id='word_1_329' title='bbox 1970 2164 2045 2221; x_wconf 92' lang='lat' dir='ltr'><strong>J.,</strong></span> <span class='ocrx_word' id='word_1_330' title='bbox 2065 2163 2251 2221; x_wconf 91' lang='lat' dir='ltr'><strong>patavi-</strong></span> 
     </span>
     <span class='ocr_line' id='line_1_72' title="bbox 1330 2234 2245 2295; baseline 0.003 -16"><span class='ocrx_word' id='word_1_331' title='bbox 1330 2234 1382 2279; x_wconf 91' lang='lat' dir='ltr'><strong>ni</strong></span> <span class='ocrx_word' id='word_1_332' title='bbox 1410 2235 1609 2294; x_wconf 90' lang='lat' dir='ltr'><strong>collegii</strong></span> <span class='ocrx_word' id='word_1_333' title='bbox 1645 2244 1823 2295; x_wconf 90' lang='lat' dir='ltr'><strong>rector,</strong></span> <span class='ocrx_word' id='word_1_334' title='bbox 1853 2235 1958 2293; x_wconf 89' lang='lat'><strong>351,</strong></span> <span class='ocrx_word' id='word_1_335' title='bbox 1997 2236 2102 2295; x_wconf 86' lang='lat'><strong>352,</strong></span> <span class='ocrx_word' id='word_1_336' title='bbox 2139 2236 2245 2294; x_wconf 91' lang='lat'><strong>385,</strong></span> 
     </span>
     <span class='ocr_line' id='line_1_73' title="bbox 1331 2307 1694 2369; baseline -0.003 -2"><span class='ocrx_word' id='word_1_337' title='bbox 1331 2307 1694 2369; x_wconf 82' lang='lat'><strong>395,404‚815·</strong></span> 
     </span>
    </p>

    <p class='ocr_par' dir='ltr' id='par_1_19' title="bbox 1270 2383 2250 2740">
     <span class='ocr_line' id='line_1_74' title="bbox 1270 2383 2246 2443; baseline 0.001 -16"><span class='ocrx_word' id='word_1_338' title='bbox 1270 2383 1566 2441; x_wconf 87' lang='lat' dir='ltr'><strong>Uguccioni,</strong></span> <span class='ocrx_word' id='word_1_339' title='bbox 1599 2384 1916 2441; x_wconf 90' lang='lat' dir='ltr'><strong>Benedictus,</strong></span> <span class='ocrx_word' id='word_1_340' title='bbox 1942 2383 2098 2443; x_wconf 80' lang='lat' dir='ltr'><strong>patria</strong></span> <span class='ocrx_word' id='word_1_341' title='bbox 2134 2384 2246 2428; x_wconf 90' lang='lat' dir='ltr'><strong>bur-</strong></span> 
     </span>
     <span class='ocr_line' id='line_1_75' title="bbox 1327 2458 2250 2516; baseline 0.001 -14"><span class='ocrx_word' id='word_1_342' title='bbox 1327 2458 1516 2516; x_wconf 89' lang='lat' dir='ltr'><strong>gensis,</strong></span> <span class='ocrx_word' id='word_1_343' title='bbox 1539 2459 1788 2503; x_wconf 89' lang='lat' dir='ltr'><strong>Florentia</strong></span> <span class='ocrx_word' id='word_1_344' title='bbox 1809 2458 2059 2514; x_wconf 90' lang='lat' dir='ltr'><strong>oriundus,</strong></span> <span class='ocrx_word' id='word_1_345' title='bbox 2082 2458 2250 2503; x_wconf 87' lang='lat' dir='ltr'><strong>Socie-</strong></span> 
     </span>
     <span class='ocr_line' id='line_1_76' title="bbox 1326 2533 2245 2592; baseline 0 -16"><span class='ocrx_word' id='word_1_346' title='bbox 1326 2533 1443 2578; x_wconf 88' lang='lat' dir='ltr'><strong>tatis</strong></span> <span class='ocrx_word' id='word_1_347' title='bbox 1459 2533 1869 2591; x_wconf 91' lang='lat' dir='ltr'><strong>studiosissimus,</strong></span> <span class='ocrx_word' id='word_1_348' title='bbox 1889 2533 2110 2592; x_wconf 91' lang='lat'><strong>576,754;</strong></span> <span class='ocrx_word' id='word_1_349' title='bbox 2126 2533 2245 2577; x_wconf 77' lang='lat' dir='ltr'><strong>Bur—</strong></span> 
     </span>
     <span class='ocr_line' id='line_1_77' title="bbox 1324 2604 2240 2663; baseline -0.002 -13"><span class='ocrx_word' id='word_1_350' title='bbox 1324 2606 1403 2663; x_wconf 87' lang='lat' dir='ltr'><strong>gis</strong></span> <span class='ocrx_word' id='word_1_351' title='bbox 1424 2606 1573 2651; x_wconf 88' lang='lat' dir='ltr'><strong>aedes</strong></span> <span class='ocrx_word' id='word_1_352' title='bbox 1602 2621 1715 2651; x_wconf 91' lang='lat' dir='ltr'><strong>suas</strong></span> <span class='ocrx_word' id='word_1_353' title='bbox 1745 2607 1924 2652; x_wconf 90' lang='lat' dir='ltr'><strong>nostris</strong></span> <span class='ocrx_word' id='word_1_354' title='bbox 1953 2604 2240 2650; x_wconf 86' lang='lat' dir='ltr'><strong>habitandas</strong></span> 
     </span>
     <span class='ocr_line' id='line_1_78' title="bbox 1324 2680 2103 2740; baseline -0.004 -15"><span class='ocrx_word' id='word_1_355' title='bbox 1324 2680 1490 2737; x_wconf 89' lang='lat' dir='ltr'><strong>tradit,</strong></span> <span class='ocrx_word' id='word_1_356' title='bbox 1513 2680 1602 2737; x_wconf 89' lang='lat'><strong>856</strong></span> <span class='ocrx_word' id='word_1_357' title='bbox 1625 2689 1675 2725; x_wconf 92' lang='lat' dir='ltr'><strong>et</strong></span> <span class='ocrx_word' id='word_1_358' title='bbox 1697 2696 1864 2740; x_wconf 90' lang='lat' dir='ltr'><strong>seqq.,</strong></span> <span class='ocrx_word' id='word_1_359' title='bbox 1888 2680 2103 2737; x_wconf 88' lang='lat'><strong>872-877.</strong></span> 
     </span>
    </p>

    <p class='ocr_par' dir='ltr' id='par_1_20' title="bbox 1264 2755 1906 2815">
     <span class='ocr_line' id='line_1_79' title="bbox 1264 2755 1906 2815; baseline -0.002 -14"><span class='ocrx_word' id='word_1_360' title='bbox 1264 2755 1521 2815; x_wconf 89' lang='lat' dir='ltr'><strong>Ulyssipo.</strong></span> <span class='ocrx_word' id='word_1_361' title='bbox 1553 2755 1680 2800; x_wconf 93' lang='lat' dir='ltr'><strong>Vide</strong></span> <span class='ocrx_word' id='word_1_362' title='bbox 1704 2756 1906 2800; x_wconf 87' lang='lat' dir='ltr'><strong>Lisboa.</strong></span> 
     </span>
    </p>

    <p class='ocr_par' dir='ltr' id='par_1_21' title="bbox 1263 2825 2236 2960">
     <span class='ocr_line' id='line_1_80' title="bbox 1263 2825 2236 2887; baseline -0.006 -13"><span class='ocrx_word' id='word_1_363' title='bbox 1263 2828 1590 2875; x_wconf 89' lang='lat' dir='ltr'><strong>Ulldemolins</strong></span> <span class='ocrx_word' id='word_1_364' title='bbox 1610 2863 1623 2882; x_wconf 92' lang='lat'><strong>,</strong></span> <span class='ocrx_word' id='word_1_365' title='bbox 1669 2828 1934 2887; x_wconf 86' lang='lat' dir='ltr'><strong>Hispaniae</strong></span> <span class='ocrx_word' id='word_1_366' title='bbox 1986 2825 2236 2885; x_wconf 90' lang='lat' dir='ltr'><strong>oppidum,</strong></span> 
     </span>
     <span class='ocr_line' id='line_1_81' title="bbox 1322 2915 1432 2960; baseline 0.009 -12"><span class='ocrx_word' id='word_1_367' title='bbox 1322 2915 1432 2960; x_wconf 88' lang='lat'><strong>424.</strong></span> 
     </span>
    </p>

    <p class='ocr_par' dir='ltr' id='par_1_22' title="bbox 1264 2974 2238 3110">
     <span class='ocr_line' id='line_1_82' title="bbox 1264 2974 2238 3034; baseline -0.006 -10"><span class='ocrx_word' id='word_1_368' title='bbox 1264 2979 1455 3034; x_wconf 74' lang='lat' dir='ltr'><strong>Urefia,</strong></span> <span class='ocrx_word' id='word_1_369' title='bbox 1488 2993 1653 3023; x_wconf 89' lang='lat' dir='ltr'><strong>comes</strong></span> <span class='ocrx_word' id='word_1_370' title='bbox 1683 2977 1761 3022; x_wconf 88' lang='lat' dir='ltr'><strong>de.</strong></span> <span class='ocrx_word' id='word_1_371' title='bbox 1794 2976 1919 3020; x_wconf 92' lang='lat' dir='ltr'><strong>Vide</strong></span> <span class='ocrx_word' id='word_1_372' title='bbox 1948 2976 2116 3020; x_wconf 76' lang='lat' dir='ltr'><strong>Tellez</strong></span> <span class='ocrx_word' id='word_1_373' title='bbox 2153 2974 2238 3019; x_wconf 91' lang='lat' dir='ltr'><strong>Gi-</strong></span> 
     </span>
     <span class='ocr_line' id='line_1_83' title="bbox 1321 3053 1682 3110; baseline -0.006 -14"><span class='ocrx_word' id='word_1_374' title='bbox 1321 3055 1428 3107; x_wconf 74' lang='lat' dir='ltr'><strong>rOn,</strong></span> <span class='ocrx_word' id='word_1_375' title='bbox 1452 3053 1682 3110; x_wconf 88' lang='lat' dir='ltr'><strong>Joannes.</strong></span> 
     </span>
    </p>

    <p class='ocr_par' dir='ltr' id='par_1_23' title="bbox 1263 3119 2237 3331">
     <span class='ocr_line' id='line_1_84' title="bbox 1263 3119 2235 3184; baseline -0.008 -13"><span class='ocrx_word' id='word_1_376' title='bbox 1263 3126 1478 3184; x_wconf 88' lang='lat' dir='ltr'><strong>Uriarte,</strong></span> <span class='ocrx_word' id='word_1_377' title='bbox 1517 3125 1719 3182; x_wconf 81' lang='lat' dir='ltr'><strong>Matina,</strong></span> <span class='ocrx_word' id='word_1_378' title='bbox 1750 3123 1887 3167; x_wconf 80' lang='lat' dir='ltr'><strong>fratri</strong></span> <span class='ocrx_word' id='word_1_379' title='bbox 1915 3136 2005 3166; x_wconf 92' lang='lat' dir='ltr'><strong>suo</strong></span> <span class='ocrx_word' id='word_1_380' title='bbox 2027 3119 2235 3165; x_wconf 87' lang='lat' dir='ltr'><strong>Martino</strong></span> 
     </span>
     <span class='ocr_line' id='line_1_85' title="bbox 1321 3194 2237 3256; baseline -0.005 -12"><span class='ocrx_word' id='word_1_381' title='bbox 1321 3198 1383 3243; x_wconf 88' lang='lat' dir='ltr'><strong>de</strong></span> <span class='ocrx_word' id='word_1_382' title='bbox 1420 3201 1654 3254; x_wconf 89' lang='lat' dir='ltr'><strong>Zornosa,</strong></span> <span class='ocrx_word' id='word_1_383' title='bbox 1693 3197 1747 3242; x_wconf 92' lang='lat' dir='ltr'><strong>S.</strong></span> <span class='ocrx_word' id='word_1_384' title='bbox 1795 3199 1862 3256; x_wconf 91' lang='lat' dir='ltr'><strong>J.,</strong></span> <span class='ocrx_word' id='word_1_385' title='bbox 1900 3194 2090 3249; x_wconf 90' lang='lat' dir='ltr'><strong>scribit,</strong></span> <span class='ocrx_word' id='word_1_386' title='bbox 2127 3203 2237 3250; x_wconf 84' lang='lat'><strong>727-</strong></span> 
     </span>
     <span class='ocr_line' id='line_1_86' title="bbox 1322 3283 1427 3331; baseline 0 -14"><span class='ocrx_word' id='word_1_387' title='bbox 1322 3283 1427 3331; x_wconf 89' lang='lat'><strong>729.</strong></span> 
     </span>
    </p>

    <p class='ocr_par' dir='ltr' id='par_1_24' title="bbox 1264 3346 2009 3403">
     <span class='ocr_line' id='line_1_87' title="bbox 1264 3346 2009 3403; baseline -0.007 -10"><span class='ocrx_word' id='word_1_388' title='bbox 1264 3348 1444 3393; x_wconf 89' lang='lat' dir='ltr'><strong>Ursula</strong></span> <span class='ocrx_word' id='word_1_389' title='bbox 1464 3347 1525 3391; x_wconf 88' lang='lat' dir='ltr'><strong>de</strong></span> <span class='ocrx_word' id='word_1_390' title='bbox 1548 3347 1650 3391; x_wconf 88' lang='lat' dir='ltr'><strong>Sta.</strong></span> <span class='ocrx_word' id='word_1_391' title='bbox 1676 3346 1881 3403; x_wconf 91' lang='lat' dir='ltr'><strong>Martha,</strong></span> <span class='ocrx_word' id='word_1_392' title='bbox 1908 3356 2009 3403; x_wconf 90' lang='lat'><strong>194.</strong></span> 
     </span>
    </p>
   </div>
   <div class='ocr_carea' id='block_1_9' title="bbox 1721 3458 1782 3506">
    <p class='ocr_par' dir='ltr' id='par_1_25' title="bbox 1721 3458 1782 3506">
     <span class='ocr_line' id='line_1_88' title="bbox 1721 3458 1782 3506; baseline 0 0"><span class='ocrx_word' id='word_1_393' title='bbox 1721 3458 1782 3506; x_wconf 75' lang='lat' dir='ltr'><strong>V</strong></span> 
     </span>
    </p>
   </div>
   <div class='ocr_carea' id='block_1_10' title="bbox 1261 3565 2234 3923">
    <p class='ocr_par' dir='ltr' id='par_1_26' title="bbox 1264 3565 2234 3703">
     <span class='ocr_line' id='line_1_89' title="bbox 1264 3565 2234 3629; baseline -0.009 -13"><span class='ocrx_word' id='word_1_394' title='bbox 1264 3573 1448 3627; x_wconf 89' lang='lat' dir='ltr'><strong>Vaena,</strong></span> <span class='ocrx_word' id='word_1_395' title='bbox 1471 3572 1704 3629; x_wconf 90' lang='lat' dir='ltr'><strong>Joannes,</strong></span> <span class='ocrx_word' id='word_1_396' title='bbox 1728 3568 1779 3612; x_wconf 93' lang='lat' dir='ltr'><strong>S.</strong></span> <span class='ocrx_word' id='word_1_397' title='bbox 1805 3569 1871 3625; x_wconf 88' lang='lat' dir='ltr'><strong>J.,</strong></span> <span class='ocrx_word' id='word_1_398' title='bbox 1902 3566 2058 3610; x_wconf 88' lang='lat' dir='ltr'><strong>incola</strong></span> <span class='ocrx_word' id='word_1_399' title='bbox 2088 3565 2234 3608; x_wconf 88' lang='lat' dir='ltr'><strong>colle-</strong></span> 
     </span>
     <span class='ocr_line' id='line_1_90' title="bbox 1319 3640 2064 3703; baseline -0.012 -13"><span class='ocrx_word' id='word_1_400' title='bbox 1319 3645 1390 3703; x_wconf 89' lang='lat' dir='ltr'><strong>gii</strong></span> <span class='ocrx_word' id='word_1_401' title='bbox 1410 3642 1710 3702; x_wconf 87' lang='lat' dir='ltr'><strong>gandiensis.</strong></span> <span class='ocrx_word' id='word_1_402' title='bbox 1736 3640 1861 3685; x_wconf 91' lang='lat' dir='ltr'><strong>Vide</strong></span> <span class='ocrx_word' id='word_1_403' title='bbox 1884 3641 2064 3683; x_wconf 89' lang='lat' dir='ltr'><strong>Baena.</strong></span> 
     </span>
    </p>

    <p class='ocr_par' dir='ltr' id='par_1_27' title="bbox 1262 3711 2232 3845">
     <span class='ocr_line' id='line_1_91' title="bbox 1262 3711 2232 3774; baseline -0.012 -9"><span class='ocrx_word' id='word_1_404' title='bbox 1262 3719 1643 3774; x_wconf 79' lang='lat' dir='ltr'><strong>Valderrabano,</strong></span> <span class='ocrx_word' id='word_1_405' title='bbox 1666 3717 1720 3760; x_wconf 89' lang='lat' dir='ltr'><strong>P.</strong></span> <span class='ocrx_word' id='word_1_406' title='bbox 1746 3717 1960 3772; x_wconf 88' lang='lat' dir='ltr'><strong>Joannes</strong></span> <span class='ocrx_word' id='word_1_407' title='bbox 1981 3712 2060 3764; x_wconf 90' lang='lat' dir='ltr'><strong>de,</strong></span> <span class='ocrx_word' id='word_1_408' title='bbox 2086 3711 2137 3756; x_wconf 90' lang='lat' dir='ltr'><strong>S.</strong></span> <span class='ocrx_word' id='word_1_409' title='bbox 2161 3711 2232 3768; x_wconf 89' lang='lat' dir='ltr'><strong>J.,</strong></span> 
     </span>
     <span class='ocr_line' id='line_1_92' title="bbox 1320 3785 2091 3845; baseline -0.014 -7"><span class='ocrx_word' id='word_1_410' title='bbox 1320 3790 1590 3837; x_wconf 89' lang='lat' dir='ltr'><strong>sacerdotio</strong></span> <span class='ocrx_word' id='word_1_411' title='bbox 1612 3795 1835 3845; x_wconf 88' lang='lat' dir='ltr'><strong>augetur,</strong></span> <span class='ocrx_word' id='word_1_412' title='bbox 1860 3786 1964 3843; x_wconf 91' lang='lat'><strong>284,</strong></span> <span class='ocrx_word' id='word_1_413' title='bbox 1986 3785 2091 3840; x_wconf 89' lang='lat'><strong>614.</strong></span> 
     </span>
    </p>

    <p class='ocr_par' dir='ltr' id='par_1_28' title="bbox 1261 3857 2234 3923">
     <span class='ocr_line' id='line_1_93' title="bbox 1261 3857 2234 3923; baseline -0.013 -11"><span class='ocrx_word' id='word_1_414' title='bbox 1261 3866 1461 3923; x_wconf 76' lang='lat' dir='ltr'><strong>Valdes,</strong></span> <span class='ocrx_word' id='word_1_415' title='bbox 1507 3861 1840 3908; x_wconf 87' lang='lat' dir='ltr'><strong>Ferdinandus</strong></span> <span class='ocrx_word' id='word_1_416' title='bbox 1878 3859 1955 3911; x_wconf 89' lang='lat' dir='ltr'><strong>de,</strong></span> <span class='ocrx_word' id='word_1_417' title='bbox 1995 3857 2234 3915; x_wconf 84' lang='lat' dir='ltr'><strong>archiepi-</strong></span> 
     </span>
    </p>
   </div>
  </div>
 </body>
</html>
