2658 4296
1105 290 1126 325 1
1161 281 1298 339 Jum
1332 290 1447 338 1550
1504 287 1514 315 ἰ
2139 347 2143 353 .
2202 300 2295 347 4¹7

245 426 364 464 non
388 406 679 477 desistam,
708 407 848 478 quin
875 425 1007 464 eum
1034 426 1068 463 a
1103 415 1160 462 te
1193 424 1532 463 exorauero:
1572 425 1705 463 eum
1739 409 1787 464 si
1813 428 2025 483 negare
2058 432 2287 487 pergas,

244 521 358 575 ego
376 521 539 559 orare
566 521 794 574 quoque
820 521 1075 576 pergam.
1104 504 1224 557 Imo
1250 519 1417 573 spero
1442 504 1652 569 Deum,
1684 504 1781 574 qui
1808 525 1919 575 me,
1950 518 2013 563 vt
2040 519 2097 566 te
2125 529 2288 568 orare

247 618 502 672 pergam,
534 599 781 656 excitare
806 618 923 655 non
948 597 1174 666 desinit,
1206 596 1308 652 tibi
1333 598 1581 653 eundem
1606 616 1831 655 mecum
1861 604 2111 662 animum
2136 607 2284 662 indi-

247 705 460 764 turum‚
489 704 553 750 vt
578 698 694 751 huc
721 705 820 772 tua
846 697 1040 752 redeat
1063 696 1378 762 voluntate,
1403 694 1501 766 qui
1521 697 1798 751 hactenus
1825 707 1883 752 et
1903 701 2115 758 Romae
2139 705 2284 776 egit,

245 800 305 849 et
329 809 486 847 nunc
511 792 772 850 Venetiis
815 792 939 864 agit
971 800 1071 848 tua
1102 791 1417 857 voluntate,
1456 790 1549 846 cui
1583 790 1667 845 sic
1699 792 1990 850 addictum
2018 816 2142 856 esse
2179 800 2286 854 mi-

242 888 395 945 nime
427 888 775 957 dubitamus,
821 898 887 943 vt
929 905 1290 959 quocumque
1334 886 1583 960 migrare
1628 887 1815 960 ipsum
1842 876 2095 961 iusseriS,
2132 897 2287 952 haud

242 985 527 1057 grauatim
553 985 627 1041 sit
653 986 1150 1056 obtemperaturus
1173 985 1210 1039 ¹.

354 1083 555 1149 Parce,
586 1099 804 1154 precor,
836 1082 978 1137 Rde.
1013 1083 1204 1148 Pater,
1234 1098 1396 1136 meae
1421 1081 1482 1135 in
1507 1082 1810 1138 scribendo
1848 1092 1906 1138 et
1940 1087 2153 1141 orando
2179 1089 2289 1141 im-

242 1178 595 1250 portunitati:
625 1177 820 1250 egenti
847 1177 1019 1247 enim,
1048 1186 1112 1232 vt
1138 1176 1250 1233 dici
1283 1178 1447 1245 solet,
1480 1177 1695 1233 inutilis
1720 1180 1925 1250 pudor,
1957 1183 2287 1252 praesertim

242 1276 397 1347 apud
422 1294 574 1343 eum,
606 1274 703 1346 qui
730 1274 914 1347 possit
939 1273 1150 1329 auxilio
1183 1292 1328 1341 esse,
1371 1284 1429 1329 et
1463 1293 1566 1346 pro
1592 1293 1698 1330 sua
1729 1277 2087 1334 humanitate
2124 1280 2283 1334 velit.

239 1371 523 1428 Dominus
540 1375 711 1446 Jesus
739 1380 794 1427 te
813 1371 873 1426 in
892 1372 1103 1427 multos
1122 1389 1304 1427 annos
1325 1380 1517 1428 servet
1537 1371 1905 1443 incolumem,
1933 1383 1990 1431 et
2010 1375 2135 1447 pios
2155 1385 2287 1432 tuos

239 1478 501 1537 conatuS,
530 1487 634 1541 pro
666 1486 771 1524 sua
806 1467 1047 1525 ecclesia
1081 1488 1115 1524 a
1149 1468 1206 1524 te
1232 1478 1550 1541 susceptOS,
1591 1487 1693 1540 pro
1726 1489 1832 1526 sua
1866 1472 2031 1527 solita
2065 1472 2286 1529 miseri-

225 1566 434 1622 cordia
459 1567 774 1638 provehere
799 1565 1091 1638 dignetur.

228 1671 233 1674 “
351 1662 554 1735 Bergis
579 1662 832 1720 calendis
850 1662 1031 1735 juliis.

495 1761 704 1841 Vostre
728 1761 962 1816 humble
990 1761 1125 1831 fylle
1151 1780 1224 1817 en
1243 1763 1415 1834 Jesus
1441 1762 1674 1832 Chryst,

1207 1900 1211 1906 .
1266 1859 1631 1931 JAQUELYNE
1669 1876 1750 1914 DE
1787 1859 1980 1915 CROY.

347 1955 679 2025 Inscriptio:
696 1956 822 2028 Jhs.
855 1955 997 2010 Rdo,
1030 1953 1091 2008 in
1116 1955 1348 2009 Christo
1374 1954 1534 2010 Patri
1561 1973 1628 2010 ac
1653 1955 1904 2022 domino,
1942 1958 2017 2011 D.
2060 1955 2284 2028 Ignatio

225 2051 308 2107 de
334 2049 548 2117 Laiola,
580 2051 818 2106 fratrum
844 2051 1089 2106 nominis
1106 2053 1248 2124 Jesu
1281 2050 1576 2123 superiori.
1608 2053 1840 2107 Romae.

343 2147 480 2202 Alia
528 2166 734 2202 manu:
789 2161 948 2218 1550.
998 2149 1166 2203 Della
1208 2150 1505 2204 Marchese
1551 2148 1609 2203 di
1656 2151 1902 2221 BergaS,
1955 2151 2048 2205 del
2099 2163 2191 2222 p.0
2222 2151 2279 2205 di

232 2243 459 2316 Lugli0.

315 2495 331 2521 ¹
394 2493 506 2538 Non
541 2492 714 2539 annuit
750 2493 972 2552 Ignatius
1018 2493 1426 2553 marchionissae,
1472 2493 1556 2554 qui
1594 2494 1852 2540 Nicolaum
1892 2494 2185 2540 Gaudanum
2215 2495 2277 2539 de

225 2568 473 2613 sententia
501 2568 680 2614 summi
707 2567 962 2628 ‘pontificis
991 2567 1042 2614 in
1070 2568 1384 2614 Germaniam
1416 2568 1638 2614 miserat.
1675 2569 1802 2615 Vide
1833 2570 2109 2628 POLANCO,
2148 2575 2188 2615 t.
2224 2582 2275 2624 11,

226 2656 346 2701 pag.
374 2642 451 2702 80,
488 2657 544 2688 n.
580 2642 682 2702 180,
712 2649 885 2689 annot.
926 2655 972 2700 23
1010 2638 1095 2703 qui
1131 2643 1193 2688 ad
1219 2658 1402 2689 annum
1436 2654 1551 2701 1549
1587 2642 1638 2688 in
1670 2642 1954 2689 Chronicon
1993 2658 2135 2688 suum
2156 2644 2278 2688 haec

224 2716 373 2762 etiam
393 2716 579 2763 retulit:
606 2716 844 2764 «Reditus
860 2717 1019 2763 Patris
1041 2717 1232 2763 Nicolai
1252 2717 1496 2771 Gaudani,
1515 2718 1707 2776 magnis
1723 2718 1953 2778 precibus
1976 2717 2225 2774 adhibitis,
2248 2732 2275 2761 a

227 2791 580 2838 Marchionissa
601 2792 843 2851 Bergensi
871 2793 1151 2852 petebatur,
1172 2807 1297 2852 quae
1326 2795 1390 2838 ab
1420 2806 1479 2838 eo
1507 2793 1723 2852 pendere
1751 2807 1850 2838 non
1872 2793 2017 2838 unius
2038 2791 2274 2846 civitatis,

227 2867 318 2913 sed
339 2882 549 2927 magnae
578 2867 730 2928 partis
761 2867 1055 2914 Bravantiae
1084 2869 1294 2914 salutem
1329 2867 1550 2914 scribit.»
1582 2868 1858 2929 POLANCO,
1896 2875 1934 2915 t.
1965 2879 1999 2925 1,
2022 2880 2134 2927 pag.
2167 2866 2274 2923 416,

226 2952 335 3001 417,
358 2958 408 2988 n.
432 2941 538 3000 438.

391 3880 633 3915 Emsromn
657 3877 837 3923 ernz,
862 3887 956 3915 τοι.
974 3887 1016 3914 11.
1964 3872 2007 3907 27
