2658 4296
278 241 367 302 394
957 242 1254 287 EPISTOLAE
1285 234 1643 299 Mutua—320

391 369 714 438 Inscriptio:
731 369 855 441 jhs.
888 369 965 424 Al
991 386 1126 437 muy
1154 367 1296 421 Rdo.
1332 364 1535 429 Padre,
1575 368 1809 417 nuestro
1841 360 2023 415 Padre
2058 360 2313 431 general,

279 466 334 520 el
368 466 434 520 Ρ.
474 466 552 520 Μ.
603 463 834 535 Ignaeio
867 465 940 521 de
985 464 1217 534 Loyola,
1249 463 1320 516 de
1353 462 1408 515 la
1440 461 1752 529 Compafiia
1785 458 1857 513 de
1888 458 2039 530 Jhs.,
2078 461 2111 510 a
2147 464 2313 511 santa

283 562 463 630 Maria
486 561 559 616 de
584 561 639 616 la
660 561 918 627 Estrada,
942 578 1015 615 en
1042 561 1238 614 Roma.

1223 873 1381 924 321)

873 1023 1211 1070 CLAUDIUS
1243 1023 1330 1066 DE
1362 1017 1723 1068 COUDRETO

678 1160 1054 1213 FRATRI
1117 1159 1309 1214 SUO
1376 1154 1912 1212 LUDOVICO

962 1316 1194 1357 PATAVIO
1226 1316 1252 1362 5
1285 1315 1417 1371 JUNJI
1452 1313 1566 1360 1550
1601 1306 1634 1347 ¹.

280 1425 428 1469 Dolet
449 1425 510 1469 de
532 1425 837 1470 incommoda
858 1425 1099 1486 sociorum
1121 1422 1425 1468 valetudine:
1450 1429 1503 1467 ut
1525 1421 1789 1479 diligenter
1811 1435 1919 1465 eam
1948 1426 2138 1475 curent,
2168 1418 2317 1463 etiam

368 1504 514 1558 atque
537 1499 684 1544 etiam
705 1500 1001 1557 rogat.——De
1023 1498 1362 1543 communibus
1384 1496 1637 1556 utriusque
1667 1494 1855 1553 amicis,
1885 1494 1946 1538 de
1975 1493 2224 1548 fratribus,
2256 1493 2319 1537 de

367 1587 420 1618 re
442 1573 685 1619 familiari.

391 1715 590 1771 Gratia
617 1725 673 1772 et
702 1714 810 1787 pax
838 1714 1049 1769 domini
1077 1717 1149 1769 N.
1175 1717 1314 1787 Jesu
1342 1712 1438 1769 X.i
1466 1711 1630 1768 nobis
1655 1720 1932 1783 perpetuo
1958 1709 2123 1765 adsit.

391 1811 705 1866 Admonuit
731 1831 821 1867 me
847 1812 1016 1882 paulo
1044 1821 1173 1866 ante
1200 1820 1392 1865 noster
1418 1810 1477 1863 in
1505 1809 1734 1864 Christo
1768 1807 2167 1864 dilectissimus
2203 1807 2315 1860 fra-

279 1916 363 1962 ter
391 1907 835 1979 Christophorus
862 1910 1087 1978 Laynez
1113 1908 1184 1963 de
1212 1906 1336 1961 R.di
1373 1906 1558 1961 Patris
1587 1904 1820 1960 Polanci
1842 1913 2053 1974 tuaque
2075 1904 2317 1959 aduersa

278 2002 623 2058 ualetudine.
656 1995 854 2058 Vtrius
880 2022 1018 2059 sane
1045 2002 1215 2056 febris
1242 2001 1438 2056 maiori
1465 2001 1601 2055 mihi
1628 2000 1806 2055 dolori
1842 1999 2031 2066 fuerit,
2070 2017 2188 2054 non
2230 1999 2315 2052 fa-

276 2097 393 2159 cile,
433 2097 746 2165 iudicarim,
804 2098 1027 2168 utrique
1077 2098 1227 2154 enim
1278 2099 1459 2154 debeo
1505 2078 2000 2167 quamplurimum.
2050 2097 2096 2150 F
2099 2094 2317 2151 eliciter

276 2202 465 2250 tamen
492 2194 697 2248 accidit
723 2203 787 2248 ut
820 2196 1017 2250 eodem
1053 2203 1303 2264 tempore
1337 2195 1407 2248 de
1450 2201 1639 2248 uestra
1672 2191 2060 2246 incolumitate
2093 2209 2313 2262 cogno-

275 2307 511 2357 scerem,
544 2290 706 2346 cuius
734 2290 959 2360 quidem
988 2290 1190 2357 autori,
1221 2293 1345 2344 Deo
1371 2289 1636 2344 videlicet
1657 2288 1870 2360 optimo
1890 2287 2154 2354 maximO,
2179 2305 2313 2358 gra-

276 2385 383 2441 tias
407 2405 539 2457 agO,
571 2395 628 2442 et
654 2405 820 2458 agam
841 2405 1078 2457 semper.
1106 2389 1214 2453 Tu,
1242 2387 1431 2452 frater,
1455 2385 1734 2442 monitore
1753 2403 1869 2439 non
1889 2383 2134 2455 indigeS,
2159 2382 2314 2438 eius—

274 2481 426 2535 modi
452 2481 802 2552 praesertim‚
834 2482 1014 2551 qualis
1040 2500 1165 2536 sum
1193 2500 1322 2553 eg03
1354 2499 1515 2536 meus
1543 2490 1731 2536 tamen
1758 2499 1896 2552 erga
1923 2489 1980 2536 te
2006 2498 2163 2534 amor
2195 2498 2313 2533 non

274 2577 572 2633 mediocris
599 2578 775 2649 cogit,
808 2589 871 2633 ut
899 2588 955 2635 te
983 2598 1158 2633 unum
1180 2596 1293 2633 non
1315 2580 1513 2645 celem,
1540 2580 1691 2648 quod
1713 2588 1902 2632 tamen
1923 2575 2152 2633 memini
2174 2575 2316 2630 alios

274 2674 483 2728 multos
510 2674 734 2747 saepius
761 2674 947 2731 dicere
976 2675 1097 2744 tibi,
1127 2694 1331 2745 meque
1358 2693 1536 2730 unum
1564 2694 1636 2732 ex
1661 2674 1772 2728 illis
1799 2674 1994 2740 fuisse,
2034 2673 2187 2743 quod
2220 2671 2310 2726 in-

273 2768 507 2840 genium
536 2779 697 2824 tuum
724 2788 795 2824 ex
821 2780 981 2841 parte
1008 2771 1302 2842 cognitum
1327 2772 1592 2826 habeam:
1624 2770 1909 2836 nimirum,
1941 2769 1999 2823 id
2025 2778 2134 2837 est,
2166 2777 2229 2822 ut
2261 2767 2310 2822 si

272 2867 500 2935 quando
539 2866 923 2921 ualetudinem
958 2876 1114 2922 tuam
1148 2876 1301 2923 recte
1335 2885 1535 2922 curare
1569 2885 1634 2921 ac
1671 2865 1816 2920 tueri
1855 2865 2018 2932 uelis,
2062 2864 2312 2919 animum

274 2969 435 3015 tuum
464 2980 497 3016 a
523 2970 606 3016 tot
634 2962 918 3033 tantisque
944 2963 1404 3035 cogitationibUS,
1429 2962 1580 3018 curis
1601 2972 1658 3018 et
1678 2961 2152 3017 sollicitudinibus
2171 2979 2314 3016 auo-

272 3075 388 3123 ceS‚
428 3076 574 3128 quae
620 3058 741 3127 tibi,
779 3077 894 3113 non
928 3060 1094 3113 modo
1128 3059 1378 3114 dolorem
1414 3068 1512 3113 aut
1546 3058 1853 3125 fastidium,
1893 3077 2094 3114 uerum
2140 3057 2310 3113 etiam

274 3153 486 3208 febrem
513 3172 707 3211 creare
730 3154 966 3226 possint.
998 3156 1177 3226 Spero
1205 3164 1260 3210 te
1282 3174 1351 3211 eo
1374 3155 1560 3209 animo
1580 3157 1859 3210 lecturum
1880 3157 2042 3223 haee,
2067 3163 2124 3211 et
2143 3171 2309 3209 acce—

271 3257 501 3319 pturum
529 3250 737 3317 omnia,
769 3269 882 3321 quo
909 3269 942 3305 a
968 3269 1059 3307 me
1085 3250 1290 3323 scripta
1316 3260 1467 3305 sunt.
1499 3250 1783 3322 Denique,
1816 3260 1878 3305 ut
1912 3251 1990 3305 ita
2024 3251 2144 3317 fiat,
2183 3268 2304 3305 oro,

272 3346 457 3400 Crede
483 3345 639 3413 mihi,
666 3347 858 3414 frater,
881 3347 1009 3417 plus
1029 3346 1311 3417 opinione,
1336 3355 1434 3401 tua
1453 3365 1543 3401 me
1565 3348 1833 3401 ualetudo
1854 3346 2136 3413 sollicitat,
2161 3363 2310 3417 quae

273 3441 467 3494 adhuc·
485 3459 653 3510 quarn
680 3443 841 3496 firma
867 3441 960 3508 sit,
990 3460 1104 3496 non
1131 3442 1266 3497 satis
1294 3444 1644 3514 exploratum
1665 3445 1867 3498 habeo,
1894 3444 2024 3498 Non
2044 3442 2227 3497 dicam
2248 3441 2307 3495 in

272 3537 419 3591 hanc
447 3538 783 3594 sententiam
803 3539 985 3609 plura,
1010 3547 1067 3593 et
1087 3540 1241 3610 quod
1261 3556 1561 3610 properare
1582 3541 1848 3609 quodque
1869 3539 1977 3594 alia
1996 3541 2068 3595 ad
2089 3548 2146 3596 te
2166 3538 2310 3594 scri-

366 3750 377 3773 ¹
441 3747 513 3790 Ex
536 3748 835 3806 autographo
856 3748 906 3792 in
928 3749 1024 3792 vol.
1050 3748 1107 3807 B,
1131 3747 1275 3793 unico
1297 3747 1430 3805 folio,
1455 3763 1504 3793 n.
1530 3748 1604 3806 26,
1628 3749 1761 3807 prius
1783 3750 1857 3794 61.
